@article{Grace2023-ba,
 author = {Grace, Kathryn and Klancher Merchant, E.},
 journal = {Population Development Review},
 number = {The World at 8 Billion},
 title = {The data we need for the future we want},
 year = {2022}
}
