@article{Grace2017-ik,
 author = {Grace, Kathryn and Wei, Ran and Murray, Alan T},
 journal = {Food Security},
 month = {August},
 number = {4},
 pages = {867--880},
 title = {A spatial analytic framework for assessing and improving food aid
distribution in developing countries},
 url = {https://doi.org/10.1007/s12571-017-0703-1},
 volume = {9},
 year = {2017}
}

