@article{Tuholske2021-ek,
 author = {Tuholske, Cascade and Caylor, Kelly and Funk, Chris and Verdin,
Andrew and Sweeney, Stuart and Grace, Kathryn and Peterson, Pete
and Evans, Tom},
 journal = {Proceedings of the National Academy of Sciences of the United
States of America},
 keywords = {climate change; hazards; public health; sustainability;
urbanization},
 language = {en},
 month = {12~October},
 number = {41},
 title = {Global urban population exposure to extreme heat},
 url = {http://dx.doi.org/10.1073/pnas.2024792118},
 volume = {118},
 year = {2021}
}

