@article{Brown2020-jv,
 author = {Brown, Molly E and Backer, David and Billing, Trey and White,
Peter and Grace, Kathryn and Doocy, Shannon and Huth, Paul},
 journal = {Food Security},
 month = {December},
 number = {6},
 pages = {1241--1252},
 title = {Empirical studies of factors associated with child malnutrition:
highlighting the evidence about climate and conflict shocks},
 url = {https://doi.org/10.1007/s12571-020-01041-y},
 volume = {12},
 year = {2020}
}

