@article{Davenport2017-to,
 author = {Davenport, Frank and Grace, Kathryn and Funk, Chris and Shukla,
Shraddhanand},
 journal = {Global environmental change: human and policy dimensions},
 keywords = {Climate change; Shared socioeconomic pathways; Infant health;
Food security},
 month = {September},
 pages = {72--87},
 title = {Child health outcomes in sub-Saharan Africa: A comparison of
changes in climate and socio-economic factors},
 url = {https://www.sciencedirect.com/science/article/pii/S0959378016302667},
 volume = {46},
 year = {2017}
}

