@article{Davenport2020-ka,
 author = {Davenport, Frank and Dor√©lien, Audrey and Grace, Kathryn},
 journal = {Population and environment},
 language = {en},
 month = {June},
 number = {4},
 pages = {397--421},
 publisher = {Springer Science and Business Media LLC},
 title = {Investigating the linkages between pregnancy outcomes and
climate in sub-Saharan Africa},
 url = {http://link.springer.com/10.1007/s11111-020-00342-w},
 volume = {41},
 year = {2020}
}

