@article{Mikal2012-vk,
 author = {Mikal, Jude P and Grace, Kathryn},
 journal = {Journal of Studies in International Education},
 month = {July},
 number = {3},
 pages = {287--306},
 publisher = {SAGE Publications Inc},
 title = {Against Abstinence-Only Education Abroad: Viewing Internet Use
During Study Abroad as a Possible Experience Enhancement},
 url = {https://doi.org/10.1177/1028315311423108},
 volume = {16},
 year = {2012}
}

