@article{Bakhtsiyarava2021-wy,
 author = {Bakhtsiyarava, Maryia and Grace, Kathryn},
 journal = {Food Security},
 month = {6},
 number = {5},
 title = {Agricultural production diversity and child nutrition in Ethiopia},
 url = {https://doi.org/10.1007/s12571-021-01173-9},
 volume = {6},
 year = {2021}
}

