@article{Balk2019-ih,
 author = {Balk, Deborah and Grace, Kathryn},
 journal = {Population and environment},
 month = {December},
 number = {2},
 pages = {71--73},
 title = {Investigating demographic processes using innovative combinations
of remotely sensed and demographic data},
 url = {https://doi.org/10.1007/s11111-019-00330-9},
 volume = {41},
 year = {2019}
}

