@article{Grace2022-ba,
 author = {Grace, Kathryn and Dorelien, A.},
 journal = {Environmental Impacts on Families: Change, Challenge, and Adaptation},
 number = {in press},
 title = {Data and the frameworks for linking women and childrenâ€™s health to climate change},
 year = {2022}
}

