@article{Grace2019-zw,
 author = {Grace, Kathryn and Mikal, Jude},
 journal = {The Lancet. Planetary health},
 language = {en},
 month = {December},
 number = {12},
 pages = {e496--e498},
 title = {Incorporating qualitative methodologies and fieldwork into large
scale, quantitative analyses of climate health in low-income
countries},
 url = {http://dx.doi.org/10.1016/S2542-5196(19)30240-2},
 volume = {3},
 year = {2019}
}

