@article{Grace2013-xu,
 author = {Grace, Kathryn and Sweeney, Stuart H},
 journal = {Journal of population research},
 month = {March},
 number = {1},
 pages = {19--37},
 title = {Understanding stalling demographic transition in high-fertility
countries: a case study of Guatemala},
 url = {https://doi.org/10.1007/s12546-012-9094-5},
 volume = {30},
 year = {2013}
}

