@article{Brown2021-xf,
 author = {Brown, Molly E and Grace, Kathryn and Billing, Trey and Backer,
David},
 journal = {The Lancet Planetary Health},
 language = {en},
 month = {9},
 number = {9},
 pages = {e654--e658},
 title = {Considering climate and conflict conditions together to improve
interventions that prevent child acute malnutrition},
 url = {http://dx.doi.org/10.1016/S2542-5196(21)00197-2},
 volume = {5},
 year = {2021}
}

