@article{Pinchoff2021-eo,
 author = {Pinchoff, Jessie and Turner, William and Grace, Kathryn},
 journal = {Environmental Research Communications},
 language = {en},
 month = {6},
 number = {6},
 pages = {065004},
 publisher = {IOP Publishing},
 title = {The association between agricultural conditions and multiple
dimensions of undernutrition in children 6-23 months of age in
Burkina Faso},
 url = {https://iopscience.iop.org/article/10.1088/2515-7620/ac07f5/meta},
 volume = {3},
 year = {2021}
}

