@article{Randell2021-bz,
 author = {Randell, Heather and Grace, Kathryn and Bakhtsiyarava, Maryia},
 journal = {Population and environment},
 language = {en},
 month = {January},
 publisher = {Springer Science and Business Media LLC},
 title = {Climatic conditions and infant care: implications for child
nutrition in rural Ethiopia},
 url = {http://link.springer.com/10.1007/s11111-020-00373-3},
 year = {2021}
}

