@article{Grace2022-ab,
 author = {Grace, K. and Verdin, A. and Brown, M. and Bakhtsiyarava, M. and Backer, D. and Billing, T.},
 journal = {Spatial Demography},
 pages = {329–358},
 title = {Conflict and climate factors and the risk of child acute malnutrition among children aged 24–59 months: a comparative analysis of Kenya, Nigeria, and Uganda.},
 year = {2022},
 volume = {10},
 url = {https://doi.org/10.1007/s40980-021-00102-w}
}
