@article{Verdin2021-xv,
 author = {Verdin, Andrew and Grace, Kathryn and Davenport, Frank and Funk,
Chris and Husak, Greg},
 journal = {Climatic change},
 language = {en},
 month = {January},
 number = {1-2},
 publisher = {Springer Science and Business Media LLC},
 title = {Can we advance individual-level heat-health research through the
application of stochastic weather generators?},
 url = {http://link.springer.com/10.1007/s10584-021-02974-9},
 volume = {164},
 year = {2021}
}

