@article{Randell2020-jo,
 author = {Randell, Heather and Gray, Clark and Grace, Kathryn},
 journal = {Social science & medicine},
 keywords = {Child stunting; Climate change; Drought; Ethiopia; Heat;
Nutrition},
 language = {en},
 month = {September},
 pages = {113234},
 title = {Stunted from the start: Early life weather conditions and child
undernutrition in Ethiopia},
 url = {http://dx.doi.org/10.1016/j.socscimed.2020.113234},
 volume = {261},
 year = {2020}
}

