
@INPROCEEDINGS{Sweeney2012-rn,
  title           = "Regression Analysis of Anthropometry Data: A Simulation
                     Study of a {Two-Stage} Estimator",
  booktitle       = "{JSM} Proceedings",
  author          = "Sweeney, Stuart and Grace, Kathryn",
  institution     = "Health Policy Statistics Section, American Statistical
                     Association",
  year            =  2012,
  url             = "https://www.academia.edu/download/44024836/Regression_analysis_of_anthropometry_dat20160323-24679-e8dnci.pdf",
  location        = "Alexandria, VA"
}

@INCOLLECTION{Brown2015-mt,
  title     = "Global land surface phenology and implications for food security",
  booktitle = "Land Resources Monitoring, Modeling, and Mapping with Remote
               Sensing",
  author    = "Brown, Molly E and De Beurs, Kirsten M and Grace, Kathryn",
  publisher = "CRC Press",
  pages     = "353--363",
  year      =  2015,
  url       = "https://experts.umn.edu/en/publications/global-land-surface-phenology-and-implications-for-food-security"
}

@ARTICLE{Brown2017-oh,
  title   = "Do markets and trade help or hurt the global food system adapt to
             climate change?",
  author  = "Brown, Molly E and Carr, Edward R and Grace, Kathryn L and Wiebe,
             Keith and Funk, Christopher C and Attavanich, Witsanu and
             Backlund, Peter and Buja, Lawrence",
  journal = "Food policy",
  volume  =  68,
  pages   = "154--159",
  month   =  apr,
  year    =  2017,
  url     = "https://www.sciencedirect.com/science/article/pii/S030691921630481X"
}

@ARTICLE{Grace2019-zw,
  title    = "Incorporating qualitative methodologies and fieldwork into large
              scale, quantitative analyses of climate health in low-income
              countries",
  author   = "Grace, Kathryn and Mikal, Jude",
  journal  = "The Lancet. Planetary health",
  volume   =  3,
  number   =  12,
  pages    = "e496--e498",
  month    =  dec,
  year     =  2019,
  url      = "http://dx.doi.org/10.1016/S2542-5196(19)30240-2",
  language = "en"
}

@ARTICLE{Balk2019-ih,
  title   = "Investigating demographic processes using innovative combinations
             of remotely sensed and demographic data",
  author  = "Balk, Deborah and Grace, Kathryn",
  journal = "Population and environment",
  volume  =  41,
  number  =  2,
  pages   = "71--73",
  month   = dec,
  year    =  2019,
  url     = "https://doi.org/10.1007/s11111-019-00330-9"
}

@ARTICLE{Mikal2012-vk,
  title     = "Against {Abstinence-Only} Education Abroad: Viewing Internet Use
               During Study Abroad as a Possible Experience Enhancement",
  author    = "Mikal, Jude P and Grace, Kathryn",
  journal   = "Journal of Studies in International Education",
  publisher = "SAGE Publications Inc",
  volume    =  16,
  number    =  3,
  pages     = "287--306",
  month     =  jul,
  year      =  2012,
  url       = "https://doi.org/10.1177/1028315311423108"
}

@TECHREPORT{Brown2015-bn,
  title  = "Climate Change, Global Food Security, and the {U.S}. Food System",
  author = "Brown, M E and Antle, J M and Backlund, P and Carr, E R and
            Easterling, W E and Walsh, M K and Ammann, C and Attavanich, W and
            Barrett, C B and Bellemare, M F and Dancheck, V and Funk, C and
            Grace, K and Ingram, J S I and Jiang, H and Maletta, H and Mata, T
            and Murray, A and Ngugi, M and Ojima, D and O'Neill, B and Tebaldi,
            C",
  year   =  2015,
  url    = "https://www.usda.gov/sites/default/files/documents/FullAssessment.pdf"
}

@ARTICLE{Grace2016-ks,
  title    = "Ethnic Dimensions of Guatemala's Stalled Transition: A
              {Parity-Specific} Analysis of Ladino and Indigenous Fertility
              Regimes",
  author   = "Grace, Kathryn and Sweeney, Stuart",
  journal  = "Demography",
  volume   =  53,
  number   =  1,
  pages    = "117--137",
  month    =  feb,
  year     =  2016,
  url      = "http://dx.doi.org/10.1007/s13524-015-0452-8",
  keywords = "Ethnicity; Fertility transition; Guatemala; Parity",
  language = "en"
}

@ARTICLE{Grace2017-ik,
  title   = "A spatial analytic framework for assessing and improving food aid
             distribution in developing countries",
  author  = "Grace, Kathryn and Wei, Ran and Murray, Alan T",
  journal = "Food Security",
  volume  =  9,
  number  =  4,
  pages   = "867--880",
  month   =  aug,
  year    =  2017,
  url     = "https://doi.org/10.1007/s12571-017-0703-1"
}

@ARTICLE{Davenport2017-to,
  title    = "Child health outcomes in sub-Saharan Africa: A comparison of
              changes in climate and socio-economic factors",
  author   = "Davenport, Frank and Grace, Kathryn and Funk, Chris and Shukla,
              Shraddhanand",
  journal  = "Global environmental change: human and policy dimensions",
  volume   =  46,
  pages    = "72--87",
  month    =  sep,
  year     =  2017,
  url      = "https://www.sciencedirect.com/science/article/pii/S0959378016302667",
  keywords = "Climate change; Shared socioeconomic pathways; Infant health;
              Food security"
}

@ARTICLE{Davenport2020-ka,
  title     = "Investigating the linkages between pregnancy outcomes and
               climate in sub-Saharan Africa",
  author    = "Davenport, Frank and Dor{\'e}lien, Audrey and Grace, Kathryn",
  journal   = "Population and environment",
  publisher = "Springer Science and Business Media LLC",
  volume    =  41,
  number    =  4,
  pages     = "397--421",
  month     =  jun,
  year      =  2020,
  url       = "http://link.springer.com/10.1007/s11111-020-00342-w",
  language  = "en"
}

@ARTICLE{Brown2020-jv,
  title   = "Empirical studies of factors associated with child malnutrition:
             highlighting the evidence about climate and conflict shocks",
  author  = "Brown, Molly E and Backer, David and Billing, Trey and White,
             Peter and Grace, Kathryn and Doocy, Shannon and Huth, Paul",
  journal = "Food Security",
  volume  =  12,
  number  =  6,
  pages   = "1241--1252",
  month   =  dec,
  year    =  2020,
  url     = "https://doi.org/10.1007/s12571-020-01041-y"
}

@ARTICLE{Randell2020-jo,
  title    = "Stunted from the start: Early life weather conditions and child
              undernutrition in Ethiopia",
  author   = "Randell, Heather and Gray, Clark and Grace, Kathryn",
  journal  = "Social science \& medicine",
  volume   =  261,
  pages    = "113234",
  month    =  sep,
  year     =  2020,
  url      = "http://dx.doi.org/10.1016/j.socscimed.2020.113234",
  keywords = "Child stunting; Climate change; Drought; Ethiopia; Heat;
              Nutrition",
  language = "en"
}

@ARTICLE{Mikal2020-mf,
  title     = "Domestic migration and mobile phones: A qualitative case study
               focused on recent migrants to Ouagadougou, Burkina Faso",
  author    = "Mikal, J and Grace, K and DeWaard, J and Brown, M and Sangli, G",
  journal   = "PloS one",
  publisher = "journals.plos.org",
  year      =  2020,
  url       = "https://journals.plos.org/plosone/article?id=10.1371/journal.pone.0236248"
}

@ARTICLE{DiClemente2021-md,
  title    = "Investigating the Relationship between Food Insecurity and
              Fertility Preferences in Tanzania",
  author   = "DiClemente, Kira and Grace, Kathryn and Kershaw, Trace and Bosco,
              Elliott and Humphries, Debbie",
  journal  = "Maternal and child health journal",
  volume   =  25,
  number   =  2,
  pages    = "302--310",
  month    =  feb,
  year     =  2021,
  url      = "http://dx.doi.org/10.1007/s10995-020-03022-1",
  keywords = "Child stunting; Fertility preferences; Food insecurity; Household
              hunger; Sub-saharan africa",
  language = "en"
}

@ARTICLE{Grace2020-lc,
  title     = "A framework for interdisciplinary research in food systems",
  author    = "Grace, Kathryn and Siddiqui, Sauleh and Zaitchik, Benjamin F",
  journal   = "Nature Food",
  publisher = "Nature Publishing Group",
  volume    =  2,
  number    =  1,
  pages     = "1--3",
  month     =  dec,
  year      =  2020,
  url       = "https://www.nature.com/articles/s43016-020-00212-6",
  language  = "en"
}

@ARTICLE{Verdin2021-xv,
  title     = "Can we advance individual-level heat-health research through the
               application of stochastic weather generators?",
  author    = "Verdin, Andrew and Grace, Kathryn and Davenport, Frank and Funk,
               Chris and Husak, Greg",
  journal   = "Climatic change",
  publisher = "Springer Science and Business Media LLC",
  volume    =  164,
  number    = "1-2",
  month     =  jan,
  year      =  2021,
  url       = "http://link.springer.com/10.1007/s10584-021-02974-9",
  language  = "en"
}

@MISC{Grace2021-vi,
  title   = "Climate variability and health in extremely vulnerable
             communities: investigating variations in surface water conditions
             and food security in the West African Sahel",
  author  = "Grace, Kathryn and Davenport, Frank",
  journal = "Population and Environment",
  year    =  2021,
  url     = "http://dx.doi.org/10.1007/s11111-021-00375-9"
}

@ARTICLE{Randell2021-bz,
  title     = "Climatic conditions and infant care: implications for child
               nutrition in rural Ethiopia",
  author    = "Randell, Heather and Grace, Kathryn and Bakhtsiyarava, Maryia",
  journal   = "Population and environment",
  publisher = "Springer Science and Business Media LLC",
  month     =  jan,
  year      =  2021,
  url       = "http://link.springer.com/10.1007/s11111-020-00373-3",
  language  = "en"
}

@ARTICLE{Bell2021-te,
  title     = "How high frequency food diaries can transform understanding of
               food security",
  author    = "Bell, Andrew Reid and Roberts, Mari and Grace, Kathryn and
               Morgan, Alexander and Tamal, Md Ehsanul Haque and Killilea, Mary
               E and Ward, Patrick S",
  journal   = "Environmental research letters: ERL [Web site]",
  publisher = "IOP Publishing",
  volume    =  16,
  number    =  4,
  pages     = "041002",
  month     =  mar,
  year      =  2021,
  url       = "https://iopscience.iop.org/article/10.1088/1748-9326/abe674/meta",
  language  = "en"
}

@ARTICLE{Grace2021-zz,
  title     = "Exploring strategies for investigating the mechanisms linking
               climate and individual-level child health outcomes: An analysis
               of birth weight in Mali",
  author    = "Grace, Kathryn and Verdin, Andrew and Dor{\'e}lien, Audrey and
               Davenport, Frank and Funk, Chris and Husak, Greg",
  journal   = "Demography",
  publisher = "Duke University Press",
  month     =  feb,
  year      =  2021,
  url       = "https://read.dukeupress.edu/demography/article/doi/10.1215/00703370-8977484/168441/Exploring-Strategies-for-Investigating-the",
  language  = "en"
}

@ARTICLE{Grace2010-et,
  title     = "Contraceptive use and intent in Guatemala",
  author    = "Grace, Kathryn",
  journal   = "Demographic research",
  publisher = "Max-Planck-Gesellschaft zur Foerderung der Wissenschaften",
  volume    =  23,
  pages     = "335--364",
  year      =  2010,
  url       = "http://www.jstor.org/stable/26349597"
}

@ARTICLE{Grace2013-xu,
  title   = "Understanding stalling demographic transition in high-fertility
             countries: a case study of Guatemala",
  author  = "Grace, Kathryn and Sweeney, Stuart H",
  journal = "Journal of population research",
  volume  =  30,
  number  =  1,
  pages   = "19--37",
  month   =  mar,
  year    =  2013,
  url     = "https://doi.org/10.1007/s12546-012-9094-5"
}

@ARTICLE{Grace2014-bk,
  title     = "Pathways to marriage and cohabitation in Central America",
  author    = "Grace, Kathryn and Sweeney, Stuart",
  journal   = "Demographic research",
  publisher = "Max-Planck-Gesellschaft zur Foerderung der Wissenschaften",
  volume    =  30,
  pages     = "187--226",
  year      =  2014,
  url       = "http://www.jstor.org/stable/26348197"
}

@ARTICLE{Grace2017-mt,
  title   = "Investigating important interactions between water and food
             security for child health in Burkina Faso",
  author  = "Grace, Kathryn and Frederick, Logan and Brown, Molly E and
             Boukerrou, Lakhdar and Lloyd, Brent",
  journal = "Population and environment",
  volume  =  39,
  number  =  1,
  pages   = "26--46",
  month   = sep,
  year    =  2017,
  url     = "https://doi.org/10.1007/s11111-017-0270-6"
}

@ARTICLE{Grace2017-ae,
  title    = "A qualitative investigation of childbearing and seasonal hunger
              in peri-urban Ouagadougou, Burkina Faso",
  author   = "Grace, Kathryn and Lerner, A and Mikal, J and Sangli, G",
  journal  = "Population and environment",
  volume   =  38,
  number   =  4,
  pages    = "369--380",
  month    =  jun,
  year     =  2017,
  url      = "http://dx.doi.org/10.1007/s11111-016-0268-5",
  language = "en"
}

@ARTICLE{Bakhtsiyarava2018-tf,
  title   = "A Comparative Analysis of the Relationship between Climate Change,
             Agricultural Specialization and Children's Health: Evidence from
             Kenya and Mali",
  author  = "Bakhtsiyarava, Maryia and Grace, Kathryn and Nawrotzki, Raphael",
  journal = "American Journal of Public Health",
  volume  =  108,
  number  = "S2",
  pages   = "S144--S150",
  year    =  2018,
  url     = "https://paa.confex.com/paa/2017/mediafile/ExtendedAbstract/Paper12856/PAA_abstract.pdf"
}

@ARTICLE{Grace2012-yb,
  title    = "Using high resolution satellite imagery to estimate cropped area
              in Guatemala and Haiti",
  author   = "Grace, K and Husak, G J and Harrison, L and Pedreros, D and
              Michaelsen, J",
  journal  = "Applied geography",
  volume   =  32,
  number   =  2,
  pages    = "433--440",
  month    =  mar,
  year     =  2012,
  url      = "https://www.sciencedirect.com/science/article/pii/S014362281100097X",
  keywords = "Cropped area; Remote sensing; GIS; Food availability;
              Population--environment"
}

@ARTICLE{Grace2014-hv,
  title    = "Estimating agricultural production in marginal and food insecure
              areas in Kenya using very high resolution remotely sensed imagery",
  author   = "Grace, Kathryn and Husak, Greg and Bogle, Seth",
  journal  = "Applied geography",
  volume   =  55,
  pages    = "257--265",
  month    = dec,
  year     =  2014,
  url      = "https://www.sciencedirect.com/science/article/pii/S0143622814001878",
  keywords = "Kenya; Food insecurity; Land use; High resolution imagery"
}

@ARTICLE{Husak2016-cc,
  title   = "In search of a global model of cultivation: using remote sensing
             to examine the characteristics and constraints of agricultural
             production in the developing world",
  author  = "Husak, Greg and Grace, Kathryn",
  journal = "Food Security",
  volume  =  8,
  number  =  1,
  pages   = "167--177",
  month   =  feb,
  year    =  2016,
  url     = "https://doi.org/10.1007/s12571-015-0538-6"
}

@ARTICLE{Grace2019-hr,
  title     = "Integrating environmental context into {DHS} analysis while
               protecting participant confidentiality: A new remote sensing
               method",
  author    = "Grace, Kathryn and Nagle, Nicholas N and Burgert-Brucker, Clara
               R and Rutzick, Shelby and Van Riper, David C and Dontamsetti,
               Trinadh and Croft, Trevor",
  journal   = "Population and development review",
  publisher = "Wiley-Blackwell",
  volume    =  45,
  number    =  1,
  pages     = "197",
  year      =  2019,
  url       = "https://www.ncbi.nlm.nih.gov/pmc/articles/pmc6446718/"
}

@ARTICLE{Grace2015-of,
  title     = "Examining the relationship between temperature, rainfall and low
               birthweight in sub-saharan Africa",
  author    = "Grace, Kathryn and Davenport, Frank and Hanson, H and Funk,
               Chris and Shukla, Shraddhanand",
  journal   = "Global environmental change: human and policy dimensions",
  publisher = "Elsevier Limited",
  volume    =  35,
  pages     = "125--261",
  year      =  2015,
  url       = "https://experts.umn.edu/en/publications/examining-the-relationship-between-temperature-rainfall-and-low-b"
}

@ARTICLE{Grace2013-zj,
  title   = "Child malnutrition and climate conditions in Kenya",
  author  = "Grace, K and Davenport, F and Funk, C and Lerner, A",
  journal = "Applied geography",
  volume  =  11,
  pages   = "164--177",
  year    =  2013
}

@ARTICLE{Sweeney2013-fg,
  title    = "Combining insights from quantile and ordinal regression: child
              malnutrition in Guatemala",
  author   = "Sweeney, Stuart and Davenport, Frank and Grace, Kathryn",
  journal  = "Economics and human biology",
  volume   =  11,
  number   =  2,
  pages    = "164--177",
  month    =  mar,
  year     =  2013,
  url      = "http://dx.doi.org/10.1016/j.ehb.2012.06.001",
  language = "en"
}

@ARTICLE{Brown2014-yd,
  title    = "Using satellite remote sensing and household survey data to
              assess human health and nutrition response to environmental
              change",
  author   = "Brown, Molly E and Grace, Kathryn and Shively, Gerald and
              Johnson, Kiersten B and Carroll, Mark",
  journal  = "Population and environment",
  volume   =  36,
  pages    = "48--72",
  year     =  2014,
  url      = "http://dx.doi.org/10.1007/s11111-013-0201-0",
  keywords = "DHS; Environment; Health; NDVI; Nutrition; Survey",
  language = "en"
}

@ARTICLE{Grace2014-wt,
  title    = "Examining the link between food prices and food insecurity: A
              multi-level analysis of maize price and birthweight in Kenya",
  author   = "Grace, Kathryn and Brown, Molly and McNally, Amy",
  journal  = "Food policy",
  volume   =  46,
  pages    = "56--65",
  month    =  jun,
  year     =  2014,
  url      = "https://www.sciencedirect.com/science/article/pii/S0306919214000244",
  keywords = "Kenya; Maize prices; Low birth weight; Malnutrition; Agricultural
              production"
}

@ARTICLE{Grace2015-lw,
  title     = "Using {High-Resolution} Remotely Sensed Data to Examine the
               Relationship Between Agriculture and Fertility in Mali",
  author    = "Grace, Kathryn and Nagle, Nicholas N",
  journal   = "The Professional geographer: the journal of the Association of
               American Geographers",
  publisher = "Routledge",
  volume    =  67,
  number    =  4,
  pages     = "641--654",
  month     =  oct,
  year      =  2015,
  url       = "https://doi.org/10.1080/00330124.2015.1032899"
}

@INPROCEEDINGS{Grace2014-oy,
  title    = "Why are some vulnerable children healthy and others stunted? A
              case study of vulnerability and resilience among very young
              children in West Africa",
  author   = "Grace, K and Nagle, N",
  volume   =  2014,
  pages    = "PA34A--03",
  month    =  dec,
  year     =  2014,
  url      = "https://ui.adsabs.harvard.edu/abs/2014AGUFMPA34A..03G",
  keywords = "1630 Impacts of global change; GLOBAL CHANGE; 1640 Remote
              sensing;; GLOBAL CHANGE; 1910 Data assimilation; integration and
              fusion;; INFORMATICS; 4337 Remote sensing and disasters; NATURAL
              HAZARDS"
}

@ARTICLE{Grace2017-tj,
  title    = "Considering climate in studies of fertility and reproductive
              health in poor countries",
  author   = "Grace, Kathryn",
  journal  = "Nature climate change",
  volume   =  7,
  pages    = "479--485",
  month    =  jun,
  year     =  2017,
  url      = "http://dx.doi.org/10.1038/nclimate3318",
  language = "en"
}

@MISC{Grace2018-om,
  title   = "Examining rural Sahelian out-migration in the context of climate
             change: An analysis of the linkages between rainfall and
             out-migration in two Malian villages from 1981 to 2009",
  author  = "Grace, Kathryn and Hertrich, V{\'e}ronique and Singare, Djeneba
             and Husak, Greg",
  journal = "World Development",
  volume  =  109,
  pages   = "187--196",
  year    =  2018,
  url     = "http://dx.doi.org/10.1016/j.worlddev.2018.04.009"
}

@INCOLLECTION{Grace2020-pu,
  title     = "Improving Urban and Peri-urban Health Outcomes Through Early
               Detection and Aid Planning",
  booktitle = "Geospatial Technologies for Urban Health",
  author    = "Grace, Kathryn and Murray, Alan T and Wei, Ran",
  editor    = "Lu, Yongmei and Delmelle, Eric",
  publisher = "Springer International Publishing",
  pages     = "231--250",
  year      =  2020,
  url       = "https://doi.org/10.1007/978-3-030-19573-1_12",
  address   = "Cham"
}

@MISC{Verdin2020-mq,
  title   = "Development and validation of the {CHIRTS-daily} quasi-global
             high-resolution daily temperature data set",
  author  = "Verdin, Andrew and Funk, Chris and Peterson, Pete and Landsfeld,
             Martin and Tuholske, Cascade and Grace, Kathryn",
  journal = "Scientific Data",
  volume  =  7,
  number  =  1,
  year    =  2020,
  url     = "http://dx.doi.org/10.1038/s41597-020-00643-7"
}

@ARTICLE{Kugler2019-pq,
  title   = "People and Pixels 20 years later: the current data landscape and
             research trends blending population and environmental data",
  author  = "Kugler, Tracy A and Grace, Kathryn and Wrathall, David J and de
             Sherbinin, Alex and Van Riper, David and Aubrecht, Christoph and
             Comer, Douglas and Adamo, Susana B and Cervone, Guido and
             Engstrom, Ryan and Hultquist, Carolynne and Gaughan, Andrea E and
             Linard, Catherine and Moran, Emilio and Stevens, Forrest and
             Tatem, Andrew J and Tellman, Beth and Van Den Hoek, Jamon",
  journal = "Population and environment",
  volume  =  41,
  number  =  2,
  pages   = "209--234",
  month   =  dec,
  year    =  2019,
  url     = "https://doi.org/10.1007/s11111-019-00326-5"
}

@ARTICLE{Grace2020-fi,
  title    = "Building an interdisciplinary framework to advance conceptual and
              technical aspects of population-environment research focused on
              women's and children's health",
  author   = "Grace, Kathryn and Billingsley, Sunnee and Van Riper, David",
  journal  = "Social science \& medicine",
  volume   =  250,
  pages    = "112857",
  month    = apr,
  year     =  2020,
  url      = "http://www.sciencedirect.com/science/article/pii/S0277953620300769",
  keywords = "GIS; Population-environment; Climate; Spatial; Health geography"
}
