@misc{Verdin2020-mq,
 author = {Verdin, Andrew and Funk, Chris and Peterson, Pete and Landsfeld,
Martin and Tuholske, Cascade and Grace, Kathryn},
 journal = {Scientific Data},
 number = {1},
 title = {Development and validation of the CHIRTS-daily quasi-global
high-resolution daily temperature data set},
 url = {http://dx.doi.org/10.1038/s41597-020-00643-7},
 volume = {7},
 year = {2020}
}

