@article{Brown2017-oh,
 author = {Brown, Molly E and Carr, Edward R and Grace, Kathryn L and Wiebe,
Keith and Funk, Christopher C and Attavanich, Witsanu and
Backlund, Peter and Buja, Lawrence},
 journal = {Food policy},
 month = {April},
 pages = {154--159},
 title = {Do markets and trade help or hurt the global food system adapt to
climate change?},
 url = {https://www.sciencedirect.com/science/article/pii/S030691921630481X},
 volume = {68},
 year = {2017}
}

