@article{Grace2021-zz,
 author = {Grace, Kathryn and Verdin, Andrew and Dor√©lien, Audrey and
Davenport, Frank and Funk, Chris and Husak, Greg},
 journal = {Demography},
 language = {en},
 month = {February},
 publisher = {Duke University Press},
 title = {Exploring strategies for investigating the mechanisms linking
climate and individual-level child health outcomes: An analysis
of birth weight in Mali},
 url = {https://read.dukeupress.edu/demography/article/doi/10.1215/00703370-8977484/168441/Exploring-Strategies-for-Investigating-the},
 year = {2021}
}

