@misc{Grace2021-vi,
 author = {Grace, Kathryn and Davenport, Frank},
 journal = {Population and Environment},
 title = {Climate variability and health in extremely vulnerable
communities: investigating variations in surface water conditions
and food security in the West African Sahel},
 url = {http://dx.doi.org/10.1007/s11111-021-00375-9},
 year = {2021}
}

