
@MISC{Grace2022-tl,
  title        = "Climate Change and Fertility",
  author       = "Grace, K",
  year         =  2022,
  howpublished = "Keynote Lecture at the Wittgenstein Centre Conference -
                  Population and Climate Change: the defining relationship of
                  the 21st Century",
  location     = "Vienna, Austria",
  category     = "talks"
}


@MISC{Grace2022-aa,
  title        = "Data and the frameworks for linking women and children’s health to climate change",
  author       = "Dorelien, A. and Grace, K.",
  year         =  2021,
  month        = 10, 
  howpublished = "Environmental Impacts on Families: Change, Challenge, and Adaptation at Penn State’s 29th Annual Symposium on Family Issues, Penn State University",
  location     = "State College, PA",
  category     = "talks"
}

@MISC{a,
  title        = "Data, measurement, and pathways linking climate change and child health",
  author       = "Grace, K.",
  howpublished = "Demography Department, University of California, Berkeley" ,
  year         = 2021, 
  month = 10,
  location     = "Berkeley, CA",
  category     = "talks"
}



@MISC{b,
  author       = "Grace, K." ,
  title        = "Climate change and fertility" ,
  howpublished = "IUSSP, PERN, and EAPS joint webinar on Climate Change and Population Dynamics"   ,
  year         =  2021, month = 9,
  category     = "talks"
}



@MISC{c,
  author       = "Grace, K." ,
  title        = "Using spatial data to explore gender-based vulnerabilities in a context of climate change" ,
  howpublished =  "UN sponsored seminar on Gender and Geospatial Analysis for the 2030 Agenda and the Sustainable Development Goals, El Colegio de Mexico",
  year         = 2021, month = 2,
  location     = "Mexico City, Mexico",
  category     = "talks"
}


@MISC{d,
  author       = "Grace, K." ,
  title        = "Climate variability and women and children’s health and well-being in vulnerable communities",
  howpublished =  "Humanitarian Data Science Division, University College London",
  year         = 2020, month = 11,
  location     = "London, England",
    category     = "talks"
}

 
@MISC{e,
  author       = "Grace, K." ,
  title        = "Heat, hunger, and resilience: Climate change and children’s health",
  howpublished =  "Population and Health Research Group, University of St. Andrews",
  year         = 2020, month = 9,
  location     = "Scotland, UK",
  category     = "talks"
}


@MISC{f,
  author       = "Grace, K." ,
  title        = "Heat, Hunger and Resilience: Climate and Children’s Health",
  howpublished   =  "Department of Population Health, NYU Langone Health",
  year         = 2020, month = 4, 
  location     = "NY, NY",
  category     = "talks"
}


@MISC{g,
  author       = "Grace, K." ,
  title        = "Considering climate and outmigration in two rural Malian villages",
  howpublished =  "Workshop on Disentangling the Drivers of Migration in West Africa, Columbia University",
  year         = 2020, month = 2, 
  location     = "NY, NY",
  category     = "talks"
}

@MISC{h,
  author       = "Grace, K. ",
  title        = "Exploring strategies for investigating the underlying linkages between climate and child health",
  howpublished =  "Department of Earth and Planetary Sciences, Johns Hopkins University",
  year         = 2020, month = 2, 
  location     = "Baltimore, MD",
  category     = "talks"
}


@MISC{i,
  author       = "Grace, K." ,
  title        = "Applying social science perspectives in the classroom to examine the impact of climate change Department of Human Ecology",
  howpublished =  "UC Davis",
  year         = 2018, month = 11, 
  location     = "Davis, California",
  category     = "talks"
}


@MISC{j,
  author       = "Grace, K." ,
  title        = "Considering the linkages between climate and health: A focus on women’s and children’s health in sub-Saharan Africa",
  howpublished =  "CUNY Institute for Demographic Research (CIDR)",
  year         = 2018, month = 11, 
  location     = "NY, NY",
  category     = "talks"
}


@MISC{k,
  author       = "Grace, K." ,
  title        = "Considering the linkages between climate and health: A focus on women’s and children’s health in sub-Saharan Africa",
  howpublished =  "Geography Department, Macalaster College",
  year         = 2018, month =2, 
  location     = "Saint Paul, MN",
  category     = "talks"
}


@MISC{l,
  author       = "Grace, K." ,
  title        = "Considering the linkages between climate and health: A focus on women’s and children’s health in sub-Saharan Africa",
  howpublished =  "Carolina Population Center, University of North Carolina, Chapel Hill",
  year         = 2018 , month = 1, 
  location     = "Chapel Hill, NC",
  category     = "talks"
}


@MISC{m,
  author       = "Grace, K." ,
  title        = "Considering women and children’s health in the context of climate change: an investigation of birthweight, temperature and precipitation in Africa",
  howpublished =  "Population Studies and Training Center, Brown University",
  year         = 2017, month = 11, 
  location     = "Providence, RI",
  category     = "talks"
}


@MISC{n,
  author       = "Grace, K.",
  title        = "Investigating birthweight, temperature, and precipitation in Africa",
  howpublished =  "Department of Geography, Clark University",
  year         = 2017, month = 9, 
  location     = "Worcester, MA",
  category     = "talks"
}


@MISC{o,
  author       = "Grace, K." ,
  title        = "Food insecurity and Children’s Health in Africa",
  howpublished =  "Pediatric Grand Rounds, UMN Children’s Hospital",
  year         = 2016, month = 9,
  location     = "Minneapolis, MN",
  category     = "talks"
}


@MISC{p,
  author       = "Grace, K." ,
  title        = "Agricultural Variability and the Impact on Children’s Health",
  howpublished =  "NASA Land Cover Land Use Change (LCLUC) Webinar",
  year         = 2016, month = 5, 
  category     = "talks"
}


@MISC{q,
  author       = "Grace, K." ,
  title        = "Examining the link between climate change and birthweight in Africa",
  howpublished = "Famine Early Warning System (FEWS NET) Science Meeting",
  year         = 2016, month =4, 
  location     = "Santa Barbara, CA",
  category     = "talks"
}


@MISC{r,
  author       = "Grace, K." ,
  title        = "Food insecurity and Children’s Health in Africa",
  howpublished =  "Institute for Population Research, The Ohio State University",
  year         = 2016, month = 2, 
  location     = "Columbus, OH",
  category     = "talks"
}


@MISC{s,
  author       = "Grace, K. and G. Husak" ,
  title        = "Agriculture and health in a context of climate change: Food availability under different climate scenarios in West Africa",
  howpublished =  "NASA Land Cover Land Use Change (LCLUC) Meeting",
  year         = 2015, month = 4, 
  location     = "Washington DC",
  category     = "talks"
}


@MISC{t,
  author       = "Grace, K." ,
  title        = "Fertility, Food Insecurity and Agriculture in West Africa",
  howpublished =  "Pennsylvania State University",
  year         = 2014, month = 5, 
  location     = "State College, PA",
  category     = "talks"
}


@MISC{u,
  author       = "K. Grace and N. Nagle",
  title        = "Using High Resolution Remotely Sensed Data to Re-Examine the Relationship between Agriculture and Fertility in a Pre-Transitional Setting",
  howpublished =  "Vienna Institute for Demography",
  year         = 2013, month = 5, 
  location     = "Vienna, Austria",
  category     = "talks"
}


@MISC{v,
  author       = "Grace, K. and N. Nagle" ,
  title        = "Using High Resolution Imagery to Evaluate Fertility and Agriculture",
  year         = 2013, month = 10, 
  location     = "Oak Ridge National Laboratory, TN",
  category     = "talks"
}


@MISC{w,
  author       = "Grace, K. and M. Brown and A. McNally" ,
  title        = "Maize Prices and Low Birth Weight in Kenya",
  howpublished =  "University of Tennessee",
  year         = 2013, month = 10, 
  location     = "Knoxville, TN",
  category     = "talks"
}


@MISC{x,
  author       = "Grace, K. and M. Brown and A. McNally" ,
  title        = "Maize Prices and Low Birth Weight in Kenya",
  year         = 2012, month = 12, 
  howpublished =  "Human Health and Ecosystems Workshop at SESYNC",
  location     = "Annapolis, MD",
  category     = "talks"
}


@MISC{y,
  author       = "Grace, K.",
  title        = "Union formation in Guatemala, Honduras and Nicaragua",
  year         = 2011, month = 3, 
  howpublished =  "Auburn University",
  location     = "Auburn, AL",
  category     = "talks"
}


@MISC{z,
  author       = "Grace, K." ,
  title        = "Spatial analysis from a geographer’s perspective",
  year         = 2010, month = 4, 
  howpublished =  "Brown University",
  location     = "Providence, RI",
  category     = "talks"
}


@MISC{aa,
  author       = "Grace, K." ,
  title        = "Using classification trees to analyze contraception in Guatemala",
  year         = 2008, month = 12, 
  howpublished =  "University of Iowa",
  location     = "Iowa City, IA",
  category     = "talks"
}


@MISC{ab,
  author       = "Grace, K." ,
  title        = "Using Trees to Reveal Better Fruit: Identifying high need populations in Guatemala",
  howpublished =  "University of Groningen",
  year         = 2008, month = 12, 
  location     = "Holland",
  category     = "talks"
}

@MISC{ac,
  author       = "Brown, M. and K. Grace and M. Niles",
  title        = "The Impact of Temperature Extremes on Nutrition and Diet Diversity in Children under Five",
  howpublished =  "American Geophysical Union (AGU) Fall Meeting",
  year         =  2022, month = 12, 
  location     = "Chicago, IL",
  category     = "conference papers"
}


@MISC{ad,
  author       = "McCarty, J. and C. Hain and M. Brown and K. Grace and A. White and N. Sackeyfio and R.B. Adzhar and W. Ouaret and M. Zamanialaei and B. Freitag",
  title        = "Quantifying the Impact of Urban Expansion until 2030 on Peri-Urban Agriculture, Hydrometeorology, Food Security and Human Health",
  howpublished =  "American Geophysical Union (AGU) Fall Meeting",
  year         =  2022, month = 12, 
  location     = "Chicago, IL",
  category     = "conference papers"
}


@MISC{ae,
  author       = "Shukla, S. and F. Davenport and K. Grace and S. Tinni and A. Ali and A. Adoum and B. Mamane and C. Kelley and D. McEvoy and G. Husak and M. Mahamane and E. Cherrington and R. Muench and J. Abramowitz",
  title        = "Using subseasonal climate variability at the community-level to advance place-based early warning systems in West Africa",
  howpublished =  "American Geophysical Union (AGU) Fall Meeting",
  year         = 2022, month =12, 
  location     = "Chicago, IL",
  category     = "conference papers"
}


@MISC{af,
  author       = "Brown, M. and A. Carcedo and M. Eggen and K. Grace and J. Neff and I. Ciampitti",
  title        = "Integrating agriculture and agronomic models with social and demographic modeling to accelerate sustainable agricultural intensification",
  howpublished =  "American Geophysical Union (AGU) Fall Meeting",
  year         = 2022, month =12, 
  location     = "Chicago, IL",
  category     = "conference papers"
}


@MISC{ag,
  author       = "Shukla, S. and W. Turner and G. Husak and D. McEvoy and S. Tinni and A. Alkhalil and A. Ali and B. Mamne and I. Sanda and K. Grace and E. Cherrington and R. Muench" ,
  title        = "Improving early warning of droughts near onset and middle of a growing season",
  howpublished =  "24th European Geosciences Union (EGU) General Assembly",
  year         = 2022, month = 5,
  location     = "Vienna, Austria",
  category     = "conference papers"
}


@MISC{ah,
  author       = "Luetke*, M. and K. Grace and M. Gunther",
  title        = "Investigating the Combined Impacts of Drought, Conflict, and COVID-19 on Household Dynamics: A Longitudinal Analysis of Female Decision-making Power in Burkina Faso",
  howpublished =  "Population Association of America (PAA) Annual Meeting",
  year         = 2022, month = 4,
  location     = "Atlanta, GA",
  category     = "conference papers"
}


@MISC{ai,
  author       = "Yu*, Jiao and K. Grace and E. Heger Boyle and M. Gunther and D. Kristiansen",
  title        = "Social Trust, Modern Contraceptive Use, and COVID-19 Knowledge in Three African Countries",
  howpublished =  "Population Association of America (PAA) Annual Meeting",
  year         = 2022, month = 4,
  location     = "Atlanta, GA",
  category     = "conference papers"
}


@MISC{aj,
  author       = "Burrows, R. and K. Grace and M. Brown and A. McNally",
  title        = "Considering Soil Moisture in Models of Climate Impacts on Child Nutrition in Farming-Centric Countries",
  howpublished =  "Population Association of America (PAA) Annual Meeting" ,
 year         = 2022, month = 4,
  location     = "Atlanta, GA",
  category     = "conference papers"
}
  

@MISC{ak,
  author       = "Randell, H. and K. Grace and T. Tartalha",
  title        = "Extreme Weather Events and Adverse Birth Outcomes: Evidence From Brazil",
  howpublished =  "Population Association of America (PAA) Annual Meeting",
  year         = 2022, month = 4,
  location     = "Atlanta, GA",
  category     = "conference papers"
}


@MISC{al,
  author       = "Brooks, N. and M. Gunther and E. Bendavid and E. Heger Boyle and K. Grace and G. Miller" ,
  title        = "Impact of the “Protecting Life in Global Health Assistance”, (PLGHA) Policy on Health Service Delivery in Sub-Saharan Africa",
  howpublished =  "Population Association of America (PAA) Annual Meeting",
  year         = 2022, month = 4,
  location     = "Atlanta, GA",
  category     = "conference papers"
}


@MISC{am,
  author       = "Burrows*, R. and K. Grace and S. Siddiqui"  ,
  title        = "How Do Multiple Shocks Impact Health? An Analysis Using Agent-Based Models to Explore the Effects of Climate and Conflict Shocks on Children’s Health",
  howpublished =  "Population Association of America (PAA) Annual Meeting ",
  year         = 2021, month = 5,
  location     = "Online",
  category     = "conference papers"
}


@MISC{an,
  author       = "Brooks, N. and K. Grace and M. Brown and S. Shukla" ,
  title        = "How Does Seasonal Food Insecurity Impact Fertility? A Multicountry Spatial Analysis of Contraceptive Use and Pregnancies",
  howpublished =  "Population Association of America (PAA) Annual Meeting" ,
  year         = 2021, month = 5,
  location     = "Online",
  category     = "conference papers"
}


@MISC{ao,
  author       = "Grace, K. and F. Davenport and R. Burrows and E. Wrigley-Field and B. Zaitchik and C. Funk" ,
  title        = "The Impact of Heat Waves on Child Health in Africa",
  howpublished =  "Population Association of America (PAA) Annual Meeting" ,
  year         = 2021, month = 5,
  location     = "Online",
  category     = "conference papers"
}


@MISC{ap,
  author       = "Brooks, N. and K. Grace and M. Brown and S. Shukla" ,
  title        = "How Does Seasonal Food Insecurity Impact Fertility? A Multicountry Spatial Analysis of Contraceptive Use and Pregnancies",
  howpublished =  "Cultivating Equality - CGIAR online conference",
  year         = 2021, month = 10,
  category     = "conference papers"
}


@MISC{aq,
  author       = "Grace, K and A. Verdin and V. Hertrich" ,
  title        = "How Do Changing Environmental Factors Interact With Individual Factors to Influence Migration Behavior in Environmentally Precarious Communities",
  howpublished =  "American Association of Geographers (AAG) Annual Meeting" ,
  year         = 2019, month = 4,
  location     = "Washington, DC",
  category     = "conference papers"
}


@MISC{ar,
  author       = "Grace, K and. S. Billingsley" ,
  title        = "Fertility and Climate Instability in Agriculturally-Dependent Contexts: Parity Transitions in Albania, Moldova, and Uzbekistan" ,
  howpublished =  "Population Association of America (PAA) Annual Meeting" ,
  year         = 2019, month = 4,
  location     = "Austin, TX",
  category     = "conference papers"
}


@MISC{as,
  author       = "Grace, K and. A. Verdin and V. Hertrich",
  title        = "How Do Changing Environmental Factors Interact With Individual Factors to Influence Migration Behavior in Environmentally Precarious Communities: Investigating Outmigration From 1981-2009 in Rural Mali",
  howpublished =  "Population Association of America (PAA) Annual Meeting",
  year         = 2019, month = 4,
  location     = "Austin, TX",
  category     = "conference papers"
}


@MISC{at,
  author       = "Grace, K. and A. Verdin and V. Hertrich" ,
  title        = "How do changing environmental factors influence internal migration behavior in environmentally precarious communities in Mali, 1981-2008",
  howpublished =  "Migration, Environment and Climate: What Risk Inequalities? INED",
  year         = 2018, month = 10,
  location     = "Paris, France",
  category     = "conference papers"
}


@MISC{au,
  author       = "Randell, H. and C. Gray and K. Grace" ,
  title        = "Climate Change and Multidimensional Vulnerability to Child Un- dernutrition: Evidence from Ethiopia",
  howpublished =  "Population Association of America (PAA) Annual Meeting",
  year         = 2018, month = 4,
  location     = "New Orleans, LA",
  category     = "conference papers"
}


@MISC{av,
  author       = "K. Grace and F. Davenport and A. McNally and G. Husak" ,
  title        = "Climate Variability and Health in Extremely Vulnerable Communities: Investigating Variations in Surface Water Availability, Vegetation, and Food Insecurity in the Sahel",
  howpublished =  "Population Association of America (PAA) Annual Meeting",
  year         = 2018, month = 4,
  location     = "New Orleans, LA",
  category     = "conference papers"
}


@MISC{aw,
  author       = "A. Dorelien and K. Grace and F. Davenport" ,
  title        = "Malaria Exposure and Pregnancy Outcomes in Sub-Saharan Africa",
  howpublished =  "Population Association of America (PAA) Annual Meeting",
  year         = 2018, month = 4,
  location     = "New Orleans, LA",
  category     = "conference papers"
}


@MISC{ax,
  author       = "Grace, K. and M. Brown and M. Bakhtsiyarava" ,
  title        = "A multi-scalar investigation of development and health in Ethiopia: Household electrification in an agriculturally dependent and climate sensitive country",
  howpublished =  "American Geophysical Union (AGU) Fall Meeting",
  year         = 2018, month = 12,
  location     = "New Orleans, LA",
  category     = "conference papers",
}


@MISC{ay,
  author       = "Bakhtisyarava, M. and K. Grace and R. Nawrotzki" ,
  title        = "Does Agricultural Specialization Matter? An Analysis of the Relationship between Climate Change, Agricultural Specialization, and Childrens Health in Kenya and Mali",
I  howpublished =  "International Population conference at the International Union for the Scientific Study of Population (IUSSP)",
  year         = 2017, month = 11, 
  location     = "Cape Town, South Africa",
  category     = "conference papers"
}


@MISC{az,
  author       = "Grace, K. and F. Davenport and A. Dorelien"  ,
  title        = "The Impact of Climate and Food Insecurity on Miscarriage, Stillbirth and Neonatal Mortality in Africa",
  howpublished =  "Population Association of America (PAA) Annual Meeting",
  year         = 2017, month = 4, 
  location     = "Chicago, IL",
  category     = "conference papers"
}


@MISC{ba,
  author       = "Grace, K. and N. Nagle and C. Burger-B and S. Rutzick and D. Van Riper"  ,
  title        = "Seeking Contextually Relevant Spatial Information While Protecting Participant Confidentiality: An Application of Tobler’s First Law",
  howpublished =  "Population Association of America (PAA) Annual Meeting",
  year         = 2017, month = 4, 
  location     = "Chicago, IL",
  category     = "conference papers"
}


@MISC{bb,
  author       = "Bakhtsiyarava, M. and K. Grace and R. Nawrotzki"  ,
  title        = "Does Agricultural Specialization Matter? A Comparative Analysis of the Relationship Between Climate Change, Agricultural Specialization, and Children’s Health in Kenya and Mali",
  howpublished =  "Population Association of America (PAA) Annual Meeting",
  year         = 2017, month = 4, 
  location     = "Chicago, IL",
  category     = "conference papers"
}


@MISC{bc,
  author       = "Grace, K. and Davenport F. and Dorelien A."  ,
  title        = "Investigating the Linkages between Pregnancy Outcomes and Climate in sub-Saharan Africa",
  howpublished =  "American Association of Geographers Annual Meeting (AAG)",
  year         = 2017, month = 4, 
  location     = "Boston, MA",
  category     = "conference papers"
}


@MISC{bd,
  author       = "Davenport, F. and K. Grace and C. Funk and S. Shukla" ,
  title        = "Child health outcomes in Sub-Saharan Africa: A comparison of changes in climate and socio-economic factors",
  howpublished =  "Western Regional Science Association (WRSA) Annual Meeting",
  year         = 2017, month = 2, 
  location     = "Santa Fe NM",
  category     = "conference papers"
}


@MISC{be,
  author       = "Grace, K. and G. Husak and F. Davenport",
  title        = "Merging fine and coarse resolution remotely sensed data with household-level survey data to evaluate small-scale vulnerability to climate change in West Africa",
  howpublished =  "American Geophysical Union (AGU) Fall Meeting",
  year         = 2016, month = 12, 
  location     =" San Francisco CA",
  category     = "conference papers"
}


@MISC{bf,
  author       = "Grace, K. and V. Hertrich and D. Singare and G. Husak" ,
  title        = "Examining Rural Sahelian out-Migration in the Context of Climate Change: A Multi-Method Analysis of the Linkages Between Rainfall and Out- migration in Two Rural Villages from 1981-2009",
  howpublished =  "Population Association of America (PAA) Annual Meeting",
  year         = 2016, month = 4, 
  location     = "Washington DC",
  category     = "conference papers"
}


@MISC{bg,
  author       = "Grace, K. and R. Wei and A. Murray" ,
  title        = "A Spatial Analytic Framework for Assessing and Improving Food Aid Distribution in Developing Countries",
  howpublished =  "Western Regional Science Association (WRSA) Annual Meeting",
  year         = 2016, month = 2, 
  location     = "Big Island HI",
  category     = "conference papers"
}


@MISC{bh,
  author       = "Grace, K. and L. Frederick and M. Brown and L. Boukerrou and  B. Lloyd"  ,
  title        = "The Impacts of Water Quality and Food Availability on Childrenˆas Health in West Africa: A Spatial Analysis Using Remotely Sensed Data and Small-Scale Water Quality Data and Country-level Health Data",
  howpublished =  "American Geophysical Union (AGU) Fall Meeting",
  year         = 2015, month = 12, 
  location     = "San Francisco CA",
  category     = "conference papers"
}


@MISC{bi,
  author       = "K. Grace and N. Nagle and G. Husak" ,
  title        = "Why are some vulnerable children healthy and others stunted? A case study of vulnerability and resilience among very young children in West Africa",
  howpublished =  "American Geophysical Union (AGU) Fall Meeting",
  year         = 2014, month = 12, 
  location     = "San Francisco CA",
  category     = "conference papers"
}


@MISC{bj,
  author       = "K. Grace and F. Davenport and H. Hanson and C. Funk and S. Shukla" ,
  title        = "Examining the Relationship between Temperature, Rainfall and Low Birth Weight: Evidence from 21 African Countries",
  howpublished =  "European Population Conference (EPC)",
  year         = 2014, month = 6, 
  location     = "Budapest, Hungary",
  category     = "conference papers"
}


@MISC{bk,
  author       = "K. Grace and F. Davenport and H. Hanson and C. Funk and S. Shukla" ,
  title        = "Examining the Relationship between Temperature, Rainfall and Low Birth Weight: Evidence from 21 African Countries",
  howpublished =  "Population Association of America (PAA) Annual Meeting",
  year         = 2014, month = 5, 
  location     = "Boston, MA",
  category     = "conference papers"
}


@MISC{bl,
  author       = "S. L. Lewis-Gonzales and N. Nagle and K. Grace" ,
  title        = "Accuracy of supervised classification of cropland in sub-Saharan Africa",
  howpublished =  "American Geophysical Union (AGU) Fall Meeting",
  year         = 2013, month = 12, 
  location     = "San Francisco, CA",
  category     = "conference papers"
}


@MISC{bm,
  author       = "K. Grace and A. Lerner and G. Sangli",
  title        = "Women’s Agency and Perception of Vulnerability: A Qualitative Analysis of Breastfeeding, Contraception and Food Insecurity in Burkina Faso",
  howpublished =  "Annual Sociology of Development Conference",
  year         = 2013, month = 10, 
  location     = "Salt Lake City, UT",
  category     = "conference papers"
}


@MISC{bn,
  author       = "S. Sweeney and K. Grace",
  title        = "Immigration and Fertility Change in Los Angeles"  ,
  howpublished =  "Annual Sociology of Development Conference",
  year         =  2013, month = 10, 
  location     = "Salt Lake City, UT",
  category     = "conference papers"
}


@MISC{bo,
  author       = "K. Grace and N. Nagle",
  title        = "Using High Resolution Remotely Sensed Data to Re-Examine the Relationship between Agriculture and Fertility in a Pre-Transitional Setting",
  howpublished =  "Agricultural and Applied Economics Annual Meeting",
  year         =  2013, month = 8, 
  location     = "Washington, DC",
  category     = "conference papers"
}


@MISC{bp,
  author       = "K. Grace and N. Nagle",
  title        = "Using High Resolution Remotely Sensed Data to Re-Examine the Relationship between Agriculture and Fertility in a Pre-Transitional Setting",
  howpublished =  "Population Association of America (PAA) Annual Meeting",
  year         =  2013, month = 4, 
  location     = "New Orleans, LA",
  category     = "conference papers"
}


@MISC{bq,
  author       = "K. Grace and M. Brown and A. McNally",
  title        = "Maize Prices and Low Birth Weight in Kenya",
  howpublished =  "Population Association of America (PAA) Annual Meeting",
  year         =  2012, month = 5, 
  location     = "San Francisco, CA",
  category     = "conference papers"
}


@MISC{br,
  author       = "Sweeney, S and K. Grace",
  title        = "Fertility Assimilation Behavior of Los Angeles Immigrants",
  howpublished =  "Population Association of America (PAA) Annual Meeting",
  year         =  2011, month = 4, 
  location     = "Washington, DC",
  category     = "conference papers"
}


@MISC{bs,
  author       = "Grace, K. and F. Davenport and C. Funk",
  title        = "Fertility, Child Stunting, and Climate Change: An analysis of recent trends in Kenya",
  howpublished =  "Population Association of America (PAA) Annual Meeting",
  year         =  2011, month = 4, 
  location     = "Washington, DC",
  category     = "conference papers"
}


@MISC{bt,
  author       = "Grace, K. and G. Husak",
  title        = "Estimating Cropped Area in Haiti and Guatemala",
  howpublished = "European Population Conference",
  year         =  2010, month = 9, 
  location     = "Vienna, Austria",
  category     = "conference papers"
}


@MISC{bu,
  author       = "Grace, K. and G. Husak",
  title        = "Using Demographic Data to Estimate Cropped Area in Highly Undernourished Countries",
  howpublished =  "Association of American Geographers Annual Conference",
  year         =  2010, month = 4, 
  location     = "Washington DC",
  category     = "conference papers"
}


@MISC{bv,
  author       = "Grace, K. and S. Sweeney",
  title        = "Informal and Formal Union Formation in Three Central American Countries",
  howpublished =  "Population Association of America (PAA) Annual Meeting",
  year         =  2009, month = 3, 
  location     = "Detroit, MI",
  category     = "conference papers"
}


@MISC{bw,
  author       = "Grace, K." ,
  title        = "A comparative analysis of contraceptive use and intent in Guatemala",
  howpublished =  "Association of American Geographers Annual Conference",
  year         =  2009, month = 3, 
  location     = "Las Vegas, NV",
  category     = "conference papers"
}


@MISC{bx,
  author       = "Grace, K.",
  title        = "Fertility Correlates in Peten, Guatemala",
  howpublished =  "Association of American Geographers Annual Conference",
  year         =  2007, month = 4, 
  location     = "San Francisco, CA",
  category     = "conference papers"
}

@MISC{by, 
  author       = "Billingsley, S. and K. Grace and M. Bakhtsiyarava",
  title        = "Climate Change and Conceptions: Comparing Weather and Fertility Linkages in Armenia and Tajikistan",
  howpublished =  "Population Association of America (PAA) Annual Meeting",
  year         =  2022, month = 4, 
  location     = "Atlanta, GA",
  category     = "conference posters"
}


@MISC{bz,
  author       = "Verdin, A. and K. Grace and C. Funk and F. Davenport and G. Husak",
  title        = "Advancing climate-health research with stochastic weather generators",
  howpublished =  "American Geophysical Union (AGU) Fall Meeting" ,
  year         =  2019, month = 12, 
  location     = "San Francisco, CA",
  category     = "conference posters"
}


@MISC{ca,
  author       = "Bakhtsiyarava, M. and K. Grace",
  title        = "Investigation of the Determinants of Food Security: The Role of Agricultural Inputs for Household Food Security and Child Nutrition in Ethiopia",
  howpublished =  "Population Association of America (PAA) Annual Meeting",
  year         =  2018, month = 4, 
  location     = "New Orleans, LA",
  category     = "conference posters"
}


@MISC{cb,
  author       = "Grace, K. and F. Davenport and C. Funk",
  title        = "The Future of Infant Health and Mortality in Sub-Saharan Africa: Evaluating the Relative Importance of Changes in Socio-Economics versus Climate",
  howpublished =  "Population Association of America (PAA) Annual Meeting",
  year         =  2015, month = 4, 
  location     = "San Diego, CA",
  category     = "conference posters",
}


@MISC{cc,
  author       = "Sweeney, S. and K. Grace",
  title        = "Immigrant fertility adaptation and change in Los Angeles",
  howpublished =  "European Population Conference (EPC)",
  year         =  2014, month = 6, 
  location     = "Budapest, Hungary",
  category     = "conference posters"
}


@MISC{grace-cd,
  author       = "Grace, K. and A. Lerner and G. Sangli",
  title        = "Breastfeeding, Contraception and Food Insecurity in Burkina Faso",
  howpublished =  "Population Association of America (PAA) Annual Meeting",
  year         =  2014, month = 5, 
  location     = "Boston, MA",
  category     = "conference posters"
}


@MISC{ce,
  author       = "Grace, K. and G. Husak and S. Bogle",
  title        = "Using Very High Resolution Remotely Sensed Imagery to Estimate Agricultural Production in Two Kenyan Regions: A comparison of marginal and high productive agricultural zones",
  howpublished =  "American Geophysical Conference (AGU)",
  year         =  2013, month = 12, 
  location     = "San Francisco, CA",
  category     = "conference posters"
}


@MISC{cf,
  author       = "Sweeney, S. and K. Grace",
  title        =" Assessing immigrant fertility adaptation: Recurrent event models of birth and migration histories",
  howpublished =  "SAM 2012 workshop: The statistical analysis of multi-outcome data",
  year         = "2012",
  location     = "Paris, France",
  category     = "conference posters"
}


@MISC{cg,
  author       = "Grace, K. and S. Sweeney",
  title        = "Examining Parity Transitions During Fertility Stall",
  howpublished =  "European Population Conference (EPC)",
  year         =  2012, month = 6, 
  location     = "Stockholm, Sweden",
  category     = "conference posters"
}


@MISC{ch,
  author       = "Grace, K. and J. Goldstein and Y.H. Cheng",
  title        = "The Susceptibility of Fertility Measures to Random Fluctuations",
  howpublished =  "European Population Conference (EPC)",
  year         =  2010, month = 9, 
  location     = "Vienna, Austria",
  category     = "conference posters"
}


@MISC{ci,
  author       = "Grace, K. and S. Sweeney",
  title        = "Melting pot or mixed salad? Exploring assimilation and maintenance of fertility behavior of first and subsequent generation Central American women living in the United States",
  howpublished =  "International Union of the Scientific Study of Population (IUSSP)",
  year         =  2009, month = 9, 
  location     = "Marrakech, Morocco",
  category     = "conference posters"
}


@MISC{cj,
  author       = "Grace, K.",
  title        = "Contraceptive use and intent in Guatemala",
  howpublished =  "Population Association of America (PAA) Annual Meeting",
  year         =  2009, month = 4, 
  location     = "Detroit, MI",
  category     = "conference posters"
}

@INCOLLECTION{Dorelien2023-yp,
  title     = "Data and the frameworks for linking women and children's health
               to climate change",
  booktitle = "Environmental Impacts on Families: Change, Challenge, and
               Adaptation",
  author    = "Dorelien, A and Grace, K",
  editor    = "Ortiz, Selena E and McHale, Susan M and King, Valarie and Glick,
               Jennifer E",
  publisher = "Springer",
  year      =  2023,
  url       = "https://link.springer.com/book/10.1007/978-3-031-22649-6",
  category = "other"
}

@ARTICLE{Grace_K_Merchant_EK2022-lq,
  title   = "The data we need for the future we want",
  author  = "Grace, K. and Klancher-Merchant, E",
  journal = "Population and development review",
  volume  = "The World at 8 Billion",
  year    =  2022,
  url     = "https://knowledgecommons.popcouncil.org/cgi/viewcontent.cgi?article=1000&context=series_pdr_essays-8-billion&mc_cid=97dcd5770f&mc_eid=68ab68c13e",
  category = "other"
}

@ARTICLE{Grace2023-mr,
  title     = "Investigating Seasonal Agriculture, Contraceptive Use, and
               Pregnancy in Burkina Faso",
  author    = "Grace, Kathryn and Kristiansen, Devon and Boyle, Elizabeth Heger
               and Luetke, Maya",
  journal   = "The Professional Geographer",
  publisher = "Routledge",
  pages     = "1--16",
  month     =  6,
  year      =  2023,
  url       = "https://doi.org/10.1080/00330124.2023.2199316",
  category  = "refereed"
}

@INCOLLECTION{Dorelien2023-yu,
  title     = "Climate {Change-Related} Demographic and Health Research: Data
               and Approaches",
  booktitle = "Environmental Impacts on Families: Change, Challenge, and
               Adaptation",
  author    = "Dor{\'e}lien, Audrey and Grace, Kathryn",
  editor    = "Ortiz, Selena E and McHale, Susan M and King, Valarie and Glick,
               Jennifer E",
  publisher = "Springer Nature Switzerland",
  pages     = "43--66",
  year      =  2023,
  url       = "https://doi.org/10.1007/978-3-031-22649-6_3",
  address   = "Cham",
  category = "refereed"
  
}

@ARTICLE{Brown2023-bb,
  title     = "Data scarcity limits understanding of hydroclimatic drivers of
               food and urban security",
  author    = "Brown, Molly E and Grace, Kathryn L",
  journal   = "Nature Water",
  publisher = "Nature Publishing Group",
  volume    =  1,
  number    =  4,
  pages     = "315--316",
  month     =  6,
  year      =  2023,
  url       = "https://www.nature.com/articles/s44221-023-00066-9",
  language  = "en",
  category = "refereed"
}

@ARTICLE{Yu2023-mk,
  title    = "Trust and {COVID} precautionary measures during the early days of
              the {COVID-19} pandemic: Evidence from two African countries",
  author   = "Yu, Jiao and Boyle, Elizabeth Heger and Zhang, Yaxuan and Grace,
              Kathryn and Sangli, Gabriel",
  journal  = "SSM - population health",
  volume   =  22,
  pages    = "101397",
  month    =  6,
  year     =  2023,
  url      = "http://dx.doi.org/10.1016/j.ssmph.2023.101397",
  keywords = "Burkina Faso; COVID-19; Institutional trust; Interpersonal trust;
              Kenya; Precautionary measures",
  language = "en",
  category = "refereed"
}

@ARTICLE{Brooks2023-ew,
  title    = "Investigating the relationship between growing season quality and
              childbearing goals",
  author   = "Brooks, Nina and Grace, Kathryn and Kristiansen, Devon and
              Shukla, Shraddhanand and Brown, Molly E",
  journal  = "Global environmental change: human and policy dimensions",
  volume   =  80,
  pages    = "102677",
  month    =  5,
  year     =  2023,
  url      = "http://dx.doi.org/10.1016/j.gloenvcha.2023.102677",
  keywords = "Agricultural variability; Childbearing goals; Climate change;
              Reproductive health; Sub-Saharan Africa",
  language = "en", 
  category = "refereed"
}


@ARTICLE{Pinchoff2021-eo,
  title     = "The association between agricultural conditions and multiple
               dimensions of undernutrition in children 6-23 months of age in
               Burkina Faso",
  author    = "Pinchoff, Jessie and Turner, William and Grace, Kathryn",
  journal   = "Environmental Research Communications",
  publisher = "IOP Publishing",
  volume    =  3,
  number    =  6,
  pages     = "065004",
  month     =  6,
  year      =  2021,
  url       = "https://iopscience.iop.org/article/10.1088/2515-7620/ac07f5/meta",
  language  = "en", 
  category  = "refereed"
}

@ARTICLE{Brown2021-mc,
  title    = "Considering climate and conflict conditions together to improve
              interventions that prevent child acute malnutrition",
  author   = "Brown, Molly E and Grace, Kathryn and Billing, Trey and Backer,
              David",
  journal  = "The Lancet Planetary health",
  volume   =  5,
  number   =  9,
  pages    = "e654--e658",
  month    =  9,
  year     =  2021,
  url      = "http://dx.doi.org/10.1016/S2542-5196(21)00197-2",
  language = "en",
  category = "refereed"
}


@ARTICLE{Tuholske2021-ek,
  title    = "Global urban population exposure to extreme heat",
  author   = "Tuholske, Cascade and Caylor, Kelly and Funk, Chris and Verdin,
              Andrew and Sweeney, Stuart and Grace, Kathryn and Peterson, Pete
              and Evans, Tom",
  journal  = "Proceedings of the National Academy of Sciences of the United
              States of America",
  volume   =  118,
  number   =  41,
  month    =  10,
  year     =  2021,
  url      = "http://dx.doi.org/10.1073/pnas.2024792118",
  keywords = "climate change; hazards; public health; sustainability;
              urbanization",
  language = "en",
  category = "refereed"
}


@ARTICLE{Brown2023-ns,
  title     = "Integrated modeling framework for sustainable agricultural
               intensification",
  author    = "Brown, Molly E and Carcedo, Ana J P and Eggen, Michael and
               Grace, Kathryn L and Neff, Jason and Ciampitti, Ignacio A",
  journal   = "Frontiers in sustainable food systems",
  publisher = "Frontiers Media SA",
  volume    =  6,
  month     =  1,
  year      =  2023,
  url       = "https://www.frontiersin.org/articles/10.3389/fsufs.2022.1039962/full",
  copyright = "https://creativecommons.org/licenses/by/4.0/",
  category  = "refereed"
}

@ARTICLE{Adams2022-tn,
  title     = "Editorial: Gender and social consideration in climate and
               impacts research and services",
  author    = "Adams, Emily C and Grace, Kathryn and Shukla, Shraddhanand",
  journal   = "Frontiers in climate",
  publisher = "Frontiers Media SA",
  volume    =  4,
  month     =  10,
  year      =  2022,
  url       = "https://www.frontiersin.org/articles/10.3389/fclim.2022.1038266/full",
  copyright = "https://creativecommons.org/licenses/by/4.0/", 
  category  = "other"
}

@ARTICLE{Grace2022-eq,
  title     = "Conflict and Climate Factors and the Risk of Child Acute 
               Malnutrition Among Children Aged 24–59 Months: A Comparative 
               Analysis of Kenya, Nigeria, and Uganda",
  author    = "Grace, K and Verdin, A and Brown, M and Bakhtsiyarava, M and
               Backer, D and Billing, T",
  journal   = "Spatial Demography",
  publisher = "Springer",
  year      =  2022,
  volume    =  10,
  url       = "https://link.springer.com/article/10.1007/s40980-021-00102-w", 
  category  = "refereed"
}

@ARTICLE{Sherbinin2022-id,
  title     = "Migration theory in climate mobility research",
  author    = "de Sherbinin, A and Grace, K and McDermid, S and {others}",
  journal   = "Frontiers in",
  publisher = "frontiersin.org",
  year      =  2022,
  url       = "https://www.frontiersin.org/articles/10.3389/fclim.2022.882343/full",
  category  = "refereed"
}

@INPROCEEDINGS{Sweeney2012-rn,
  title           = "Regression Analysis of Anthropometry Data: A Simulation
                     Study of a {Two-Stage} Estimator",
  booktitle       = "{JSM} Proceedings",
  author          = "Sweeney, Stuart and Grace, Kathryn",
  institution     = "Health Policy Statistics Section, American Statistical
                     Association",
  year            =  2012,
  url             = "https://www.academia.edu/download/44024836/Regression_analysis_of_anthropometry_dat20160323-24679-e8dnci.pdf",
  location        = "Alexandria, VA",
  category = "other"
}

@INCOLLECTION{Brown2015-mt,
  title     = "Global land surface phenology and implications for food security",
  booktitle = "Land Resources Monitoring, Modeling, and Mapping with Remote
               Sensing",
  author    = "Brown, M and de Beurs, KM and Grace, K",
  publisher = "CRC Press",
  pages     = "353--363",
  year      =  2015,
  url       = "https://experts.umn.edu/en/publications/global-land-surface-phenology-and-implications-for-food-security",
  category = "other"
}

@ARTICLE{Brown2017-oh,
  title   = "Do markets and trade help or hurt the global food system adapt to
             climate change?",
  author  = "Brown, Molly E and Carr, Edward R and Grace, Kathryn L and Wiebe,
             Keith and Funk, Christopher C and Attavanich, Witsanu and
             Backlund, Peter and Buja, Lawrence",
  journal = "Food policy",
  volume  =  68,
  pages   = "154--159",
  month   =  4,
  year    =  2017,
  url     = "https://www.sciencedirect.com/science/article/pii/S030691921630481X",
  category = "other"
}

@ARTICLE{Grace2019-zw,
  title    = "Incorporating qualitative methodologies and fieldwork into large
              scale, quantitative analyses of climate health in low-income
              countries",
  author   = "Grace, Kathryn and Mikal, Jude",
  journal  = "The Lancet Planetary health",
  volume   =  3,
  number   =  12,
  pages    = "e496--e498",
  month    =  12,
  year     =  2019,
  url      = "http://dx.doi.org/10.1016/S2542-5196(19)30240-2",
  language = "en",
  category = "other"
}

@ARTICLE{Balk2019-ih,
  title   = "Investigating demographic processes using innovative combinations
             of remotely sensed and demographic data",
  author  = "Balk, Deborah and Grace, Kathryn",
  journal = "Population and environment",
  volume  =  41,
  number  =  2,
  pages   = "71--73",
  month   = 12,
  year    =  2019,
  url     = "https://doi.org/10.1007/s11111-019-00330-9",
  category = "other"
}

@ARTICLE{Mikal2012-vk,
  title     = "Against {Abstinence-Only} Education Abroad: Viewing Internet Use
               During Study Abroad as a Possible Experience Enhancement",
  author    = "Mikal, Jude P and Grace, Kathryn",
  journal   = "Journal of Studies in International Education",
  publisher = "SAGE Publications Inc",
  volume    =  16,
  number    =  3,
  pages     = "287--306",
  month     =  7,
  year      =  2012,
  url       = "https://doi.org/10.1177/1028315311423108",
  category = "refereed"
}

@TECHREPORT{Brown2015-bn,
  title  = "Climate Change, Global Food Security, and the {U.S}. Food System",
  author = "Brown, M E and Antle, J M and Backlund, P and Carr, E R and
            Easterling, W E and Walsh, M K and Ammann, C and Attavanich, W and
            Barrett, C B and Bellemare, M F and Dancheck, V and Funk, C and
            Grace, K and Ingram, J S I and Jiang, H and Maletta, H and Mata, T
            and Murray, A and Ngugi, M and Ojima, D and O'Neill, B and Tebaldi,
            C",
  year   =  2015,
  url    = "https://www.usda.gov/sites/default/files/documents/FullAssessment.pdf",
  category = "refereed"
}

@ARTICLE{Grace2016-ks,
  title    = "Ethnic Dimensions of Guatemala's Stalled Transition: A
              {Parity-Specific} Analysis of Ladino and Indigenous Fertility
              Regimes",
  author   = "Grace, Kathryn and Sweeney, Stuart",
  journal  = "Demography",
  volume   =  53,
  number   =  1,
  pages    = "117--137",
  month    =  2,
  year     =  2016,
  url      = "http://dx.doi.org/10.1007/s13524-015-0452-8",
  keywords = "Ethnicity; Fertility transition; Guatemala; Parity",
  language = "en",
  category = "refereed"
}

@ARTICLE{Grace2017-ik,
  title   = "A spatial analytic framework for assessing and improving food aid
             distribution in developing countries",
  author  = "Grace, Kathryn and Wei, Ran and Murray, Alan T",
  journal = "Food Security",
  volume  =  9,
  number  =  4,
  pages   = "867--880",
  month   =  8,
  year    =  2017,
  url     = "https://doi.org/10.1007/s12571-017-0703-1", 
  category = "refereed"
}

@ARTICLE{Davenport2017-to,
  title    = "Child health outcomes in sub-Saharan Africa: A comparison of
              changes in climate and socio-economic factors",
  author   = "Davenport, Frank and Grace, Kathryn and Funk, Chris and Shukla,
              Shraddhanand",
  journal  = "Global environmental change: human and policy dimensions",
  volume   =  46,
  pages    = "72--87",
  month    =  9,
  year     =  2017,
  url      = "https://www.sciencedirect.com/science/article/pii/S0959378016302667",
  keywords = "Climate change; Shared socioeconomic pathways; Infant health;
              Food security", 
  category = "refereed"
}

@ARTICLE{Davenport2020-ka,
  title     = "Investigating the linkages between pregnancy outcomes and
               climate in sub-Saharan Africa",
  author    = "Davenport, Frank and Dor{\'e}lien, Audrey and Grace, Kathryn",
  journal   = "Population and environment",
  publisher = "Springer Science and Business Media LLC",
  volume    =  41,
  number    =  4,
  pages     = "397--421",
  month     =  6,
  year      =  2020,
  url       = "http://link.springer.com/10.1007/s11111-020-00342-w",
  language  = "en",
  category = "refereed"
}

@ARTICLE{Brown2020-jv,
  title   = "Empirical studies of factors associated with child malnutrition:
             highlighting the evidence about climate and conflict shocks",
  author  = "Brown, Molly E and Backer, David and Billing, Trey and White,
             Peter and Grace, Kathryn and Doocy, Shannon and Huth, Paul",
  journal = "Food Security",
  volume  =  12,
  number  =  6,
  pages   = "1241--1252",
  month   =  12,
  year    =  2020,
  url     = "https://doi.org/10.1007/s12571-020-01041-y",
  category = "refereed"
}

@ARTICLE{Randell2020-jo,
  title    = "Stunted from the start: Early life weather conditions and child
              undernutrition in Ethiopia",
  author   = "Randell, Heather and Gray, Clark and Grace, Kathryn",
  journal  = "Social science \& medicine",
  volume   =  261,
  pages    = "113234",
  month    =  9,
  year     =  2020,
  url      = "http://dx.doi.org/10.1016/j.socscimed.2020.113234",
  keywords = "Child stunting; Climate change; Drought; Ethiopia; Heat;
              Nutrition",
  language = "en",
  category = "refereed"
}

@ARTICLE{Mikal2020-mf,
  title     = "Domestic migration and mobile phones: A qualitative case study
               focused on recent migrants to Ouagadougou, Burkina Faso",
  author    = "Mikal, J and Grace, K and DeWaard, J and Brown, M and Sangli, G",
  journal   = "PloS one",
  publisher = "journals.plos.org",
  year      =  2020,
  url       = "https://journals.plos.org/plosone/article?id=10.1371/journal.pone.0236248",
  category  = "refereed"
}

@ARTICLE{DiClemente2021-md,
  title    = "Investigating the Relationship between Food Insecurity and
              Fertility Preferences in Tanzania",
  author   = "DiClemente, Kira and Grace, Kathryn and Kershaw, Trace and Bosco,
              Elliott and Humphries, Debbie",
  journal  = "Maternal and child health journal",
  volume   =  25,
  number   =  2,
  pages    = "302--310",
  month    =  2,
  year     =  2021,
  url      = "http://dx.doi.org/10.1007/s10995-020-03022-1",
  keywords = "Child stunting; Fertility preferences; Food insecurity; Household
              hunger; Sub-saharan africa",
  language = "en",
  category = "refereed"
}

@ARTICLE{Grace2020-lc,
  title     = "A framework for interdisciplinary research in food systems",
  author    = "Grace, Kathryn and Siddiqui, Sauleh and Zaitchik, Benjamin F",
  journal   = "Nature Food",
  publisher = "Nature Publishing Group",
  volume    =  2,
  number    =  1,
  pages     = "1--3",
  month     =  12,
  year      =  2020,
  url       = "https://www.nature.com/articles/s43016-020-00212-6",
  language  = "en",
  category  = "refereed"
}

@ARTICLE{Verdin2021-xv,
  title     = "Can we advance individual-level heat-health research through the
               application of stochastic weather generators?",
  author    = "Verdin, Andrew and Grace, Kathryn and Davenport, Frank and Funk,
               Chris and Husak, Greg",
  journal   = "Climatic change",
  publisher = "Springer Science and Business Media LLC",
  volume    =  164,
  number    = "1-2",
  month     =  1,
  year      =  2021,
  url       = "http://link.springer.com/10.1007/s10584-021-02974-9",
  language  = "en",
  category  = "refereed"
}

@MISC{Grace2021-vi,
  title   = "Climate variability and health in extremely vulnerable
             communities: investigating variations in surface water conditions
             and food security in the West African Sahel",
  author  = "Grace, Kathryn and Davenport, Frank",
  journal = "Population and Environment",
  year    =  2021,
  url     = "http://dx.doi.org/10.1007/s11111-021-00375-9",
  category = "refereed"
}

@ARTICLE{Randell2021-bz,
  title     = "Climatic conditions and infant care: implications for child
               nutrition in rural Ethiopia",
  author    = "Randell, Heather and Grace, Kathryn and Bakhtsiyarava, Maryia",
  journal   = "Population and environment",
  publisher = "Springer Science and Business Media LLC",
  month     =  1,
  year      =  2021,
  url       = "http://link.springer.com/10.1007/s11111-020-00373-3",
  language  = "en", 
  category  = "refereed"
}

@ARTICLE{Bell2021-te,
  title     = "How high frequency food diaries can transform understanding of
               food security",
  author    = "Bell, Andrew Reid and Roberts, Mari and Grace, Kathryn and
               Morgan, Alexander and Tamal, Md Ehsanul Haque and Killilea, Mary
               E and Ward, Patrick S",
  journal   = "Environmental research letters: ERL [Web site]",
  publisher = "IOP Publishing",
  volume    =  16,
  number    =  4,
  pages     = "041002",
  month     =  3,
  year      =  2021,
  url       = "https://iopscience.iop.org/article/10.1088/1748-9326/abe674/meta",
  language  = "en",
  category  = "refereed"
}

@ARTICLE{Grace2021-zz,
  title     = "Exploring strategies for investigating the mechanisms linking
               climate and individual-level child health outcomes: An analysis
               of birth weight in Mali",
  author    = "Grace, Kathryn and Verdin, Andrew and Dor{\'e}lien, Audrey and
               Davenport, Frank and Funk, Chris and Husak, Greg",
  journal   = "Demography",
  publisher = "Duke University Press",
  month     =  2,
  year      =  2021,
  url       = "https://read.dukeupress.edu/demography/article/doi/10.1215/00703370-8977484/168441/Exploring-Strategies-for-Investigating-the",
  language  = "en",
  category  = "refereed"
}

@ARTICLE{Grace2010-et,
  title     = "Contraceptive use and intent in Guatemala",
  author    = "Grace, Kathryn",
  journal   = "Demographic research",
  publisher = "Max-Planck-Gesellschaft zur Foerderung der Wissenschaften",
  volume    =  23,
  pages     = "335--364",
  year      =  2010,
  url       = "http://www.jstor.org/stable/26349597",
  category = "refereed"
}

@ARTICLE{Grace2013-xu,
  title   = "Understanding stalling demographic transition in high-fertility
             countries: a case study of Guatemala",
  author  = "Grace, Kathryn and Sweeney, Stuart H",
  journal = "Journal of population research",
  volume  =  30,
  number  =  1,
  pages   = "19--37",
  month   =  3,
  year    =  2013,
  url     = "https://doi.org/10.1007/s12546-012-9094-5",
  category = "refereed"
}

@ARTICLE{Grace2014-bk,
  title     = "Pathways to marriage and cohabitation in Central America",
  author    = "Grace, Kathryn and Sweeney, Stuart",
  journal   = "Demographic research",
  publisher = "Max-Planck-Gesellschaft zur Foerderung der Wissenschaften",
  volume    =  30,
  pages     = "187--226",
  year      =  2014,
  url       = "http://www.jstor.org/stable/26348197",
  category = "refereed"
}

@ARTICLE{Grace2017-mt,
  title   = "Investigating important interactions between water and food
             security for child health in Burkina Faso",
  author  = "Grace, Kathryn and Frederick, Logan and Brown, Molly E and
             Boukerrou, Lakhdar and Lloyd, Brent",
  journal = "Population and environment",
  volume  =  39,
  number  =  1,
  pages   = "26--46",
  month   = 9,
  year    =  2017,
  url     = "https://doi.org/10.1007/s11111-017-0270-6", 
  category = "refereed"
}

@ARTICLE{Grace2017-ae,
  title    = "A qualitative investigation of childbearing and seasonal hunger
              in peri-urban Ouagadougou, Burkina Faso",
  author   = "Grace, Kathryn and Lerner, A and Mikal, J and Sangli, G",
  journal  = "Population and environment",
  volume   =  38,
  number   =  4,
  pages    = "369--380",
  month    =  6,
  year     =  2017,
  url      = "http://dx.doi.org/10.1007/s11111-016-0268-5",
  language = "en", 
  category = "refereed"
}

@ARTICLE{Bakhtsiyarava2018-tf,
  title   = "A Comparative Analysis of the Relationship between Climate Change,
             Agricultural Specialization and Children's Health: Evidence from
             Kenya and Mali",
  author  = "Bakhtsiyarava, Maryia and Grace, Kathryn and Nawrotzki, Raphael",
  journal = "American Journal of Public Health",
  volume  =  108,
  number  = "S2",
  pages   = "S144--S150",
  year    =  2018,
  url     = "https://paa.confex.com/paa/2017/mediafile/ExtendedAbstract/Paper12856/PAA_abstract.pdf", 
  category = "refereed"
}


@ARTICLE{Grace2015-lw,
  title     = "Using {High-Resolution} Remotely Sensed Data to Examine the
               Relationship Between Agriculture and Fertility in Mali",
  author    = "Grace, Kathryn and Nagle, Nicholas N",
  journal   = "The Professional Geographer",
  publisher = "Routledge",
  volume    =  67,
  number    =  4,
  pages     = "641--654",
  month     =  10,
  year      =  2015,
  url       = "https://doi.org/10.1080/00330124.2015.1032899", 
  category = "refereed"
}


@ARTICLE{Grace2012-yb,
  title    = "Using high resolution satellite imagery to estimate cropped area
              in Guatemala and Haiti",
  author   = "Grace, K and Husak, G J and Harrison, L and Pedreros, D and
              Michaelsen, J",
  journal  = "Applied geography",
  volume   =  32,
  number   =  2,
  pages    = "433--440",
  month    =  3,
  year     =  2012,
  url      = "https://www.sciencedirect.com/science/article/pii/S014362281100097X",
  keywords = "Cropped area; Remote sensing; GIS; Food availability;
              Population--environment",
  category = "refereed"
}


@ARTICLE{Grace2014-dn,
  title    = "Examining the link between food prices and food insecurity: A
              multi-level analysis of maize price and birthweight in Kenya",
  author   = "Grace, Kathryn and Brown, Molly and McNally, Amy",
  journal  = "Food policy",
  volume   =  46,
  pages    = "56--65",
  month    =  6,
  year     =  2014,
  url      = "https://www.sciencedirect.com/science/article/pii/S0306919214000244",
  keywords = "Kenya; Maize prices; Low birth weight; Malnutrition; Agricultural
              production",
  category = "refereed"
}


@ARTICLE{Grace2014-yf,
  title    = "Estimating agricultural production in marginal and food insecure
              areas in Kenya using very high resolution remotely sensed imagery",
  author   = "Grace, Kathryn and Husak, Greg and Bogle, Seth",
  journal  = "Applied geography",
  volume   =  55,
  pages    = "257--265",
  month    =  12,
  year     =  2014,
  url      = "https://www.sciencedirect.com/science/article/pii/S0143622814001878",
  keywords = "Kenya; Food insecurity; Land use; High resolution imagery", 
  category = "refereed"
}


@ARTICLE{Bakhtsiyarava2021-ht,
  title   = "Agricultural production diversity and child nutrition in Ethiopia",
  author  = "Bakhtsiyarava, Maryia and Grace, Kathryn",
  journal = "Food Security",
  volume  =  13,
  number  =  6,
  pages   = "1407--1422",
  month   =  12,
  year    =  2021,
  url     = "https://doi.org/10.1007/s12571-021-01173-9",
  category = "refereed"
}


@ARTICLE{Husak2016-cc,
  title   = "In search of a global model of cultivation: using remote sensing
             to examine the characteristics and constraints of agricultural
             production in the developing world",
  author  = "Husak, Greg and Grace, Kathryn",
  journal = "Food Security",
  volume  =  8,
  number  =  1,
  pages   = "167--177",
  month   =  2,
  year    =  2016,
  url     = "https://doi.org/10.1007/s12571-015-0538-6",
  category = "refereed"
}

@ARTICLE{Grace2019-hr,
  title     = "Integrating environmental context into {DHS} analysis while
               protecting participant confidentiality: A new remote sensing
               method",
  author    = "Grace, Kathryn and Nagle, Nicholas N and Burgert-Brucker, Clara
               R and Rutzick, Shelby and Van Riper, David C and Dontamsetti,
               Trinadh and Croft, Trevor",
  journal   = "Population and development review",
  publisher = "Wiley-Blackwell",
  volume    =  45,
  number    =  1,
  pages     = "197",
  year      =  2019,
  url       = "https://www.ncbi.nlm.nih.gov/pmc/articles/pmc6446718/", 
  category = "refereed"
}

@ARTICLE{Grace2015-of,
  title     = "Examining the relationship between temperature, rainfall and low
               birthweight in sub-saharan Africa",
  author    = "Grace, Kathryn and Davenport, Frank and Hanson, H and Funk,
               Chris and Shukla, Shraddhanand",
  journal   = "Global environmental change: human and policy dimensions",
  publisher = "Elsevier Limited",
  volume    =  35,
  pages     = "125--261",
  year      =  2015,
  url       = "https://experts.umn.edu/en/publications/examining-the-relationship-between-temperature-rainfall-and-low-b",
  category = "refereed"
}

@ARTICLE{Grace2013-zj,
  title   = "Child malnutrition and climate conditions in Kenya",
  author  = "Grace, K and Davenport, F and Funk, C and Lerner, A",
  journal = "Applied geography",
  volume  =  11,
  pages   = "164--177",
  year    =  2013,
  category = "refereed"
}

@ARTICLE{Sweeney2013-fg,
  title    = "Combining insights from quantile and ordinal regression: child
              malnutrition in Guatemala",
  author   = "Sweeney, Stuart and Davenport, Frank and Grace, Kathryn",
  journal  = "Economics and human biology",
  volume   =  11,
  number   =  2,
  pages    = "164--177",
  month    =  3,
  year     =  2013,
  url      = "http://dx.doi.org/10.1016/j.ehb.2012.06.001",
  language = "en",
  category = "refereed"
}

@ARTICLE{Brown2014-yd,
  title    = "Using satellite remote sensing and household survey data to
              assess human health and nutrition response to environmental
              change",
  author   = "Brown, Molly E and Grace, Kathryn and Shively, Gerald and
              Johnson, Kiersten B and Carroll, Mark",
  journal  = "Population and environment",
  volume   =  36,
  pages    = "48--72",
  year     =  2014,
  url      = "http://dx.doi.org/10.1007/s11111-013-0201-0",
  keywords = "DHS; Environment; Health; NDVI; Nutrition; Survey",
  language = "en",
  category = "refereed"
}


@INPROCEEDINGS{Grace2014-oy,
  title    = "Why are some vulnerable children healthy and others stunted? A
              case study of vulnerability and resilience among very young
              children in West Africa",
  author   = "Grace, K and Nagle, N",
  volume   =  2014,
  pages    = "PA34A--03",
  month    =  12,
  year     =  2014,
  url      = "https://ui.adsabs.harvard.edu/abs/2014AGUFMPA34A..03G",
  keywords = "1630 Impacts of global change; GLOBAL CHANGE; 1640 Remote
              sensing;; GLOBAL CHANGE; 1910 Data assimilation; integration and
              fusion;; INFORMATICS; 4337 Remote sensing and disasters; NATURAL
              HAZARDS",
  category = "refereed"
}

@ARTICLE{Grace2017-tj,
  title    = "Considering climate in studies of fertility and reproductive
              health in poor countries",
  author   = "Grace, Kathryn",
  journal  = "Nature climate change",
  volume   =  7,
  pages    = "479--485",
  month    =  6,
  year     =  2017,
  url      = "http://dx.doi.org/10.1038/nclimate3318",
  language = "en", 
  category = "refereed"
}

@MISC{Grace2018-om,
  title   = "Examining rural Sahelian out-migration in the context of climate
             change: An analysis of the linkages between rainfall and
             out-migration in two Malian villages from 1981 to 2009",
  author  = "Grace, Kathryn and Hertrich, V{\'e}ronique and Singare, Djeneba
             and Husak, Greg",
  journal = "World Development",
  volume  =  109,
  pages   = "187--196",
  year    =  2018,
  url     = "http://dx.doi.org/10.1016/j.worlddev.2018.04.009", 
  category = "refereed"
}

@INCOLLECTION{Grace2020-pu,
  title     = "Improving Urban and Peri-urban Health Outcomes Through Early
               Detection and Aid Planning",
  booktitle = "Geospatial Technologies for Urban Health",
  author    = "Grace, Kathryn and Murray, Alan T and Wei, Ran",
  editor    = "Lu, Yongmei and Delmelle, Eric",
  publisher = "Springer International Publishing",
  pages     = "231--250",
  year      =  2020,
  url       = "https://doi.org/10.1007/978-3-030-19573-1_12",
  address   = "Cham", 
  category = "refereed"
}

@MISC{Verdin2020-mq,
  title   = "Development and validation of the {CHIRTS-daily} quasi-global
             high-resolution daily temperature data set",
  author  = "Verdin, Andrew and Funk, Chris and Peterson, Pete and Landsfeld,
             Martin and Tuholske, Cascade and Grace, Kathryn",
  journal = "Scientific Data",
  volume  =  7,
  number  =  1,
  year    =  2020,
  url     = "http://dx.doi.org/10.1038/s41597-020-00643-7", 
  category = "refereed"
}

@ARTICLE{Kugler2019-pq,
  title   = "People and Pixels 20 years later: the current data landscape and
             research trends blending population and environmental data",
  author  = "Kugler, Tracy A and Grace, Kathryn and Wrathall, David J and de
             Sherbinin, Alex and Van Riper, David and Aubrecht, Christoph and
             Comer, Douglas and Adamo, Susana B and Cervone, Guido and
             Engstrom, Ryan and Hultquist, Carolynne and Gaughan, Andrea E and
             Linard, Catherine and Moran, Emilio and Stevens, Forrest and
             Tatem, Andrew J and Tellman, Beth and Van Den Hoek, Jamon",
  journal = "Population and environment",
  volume  =  41,
  number  =  2,
  pages   = "209--234",
  month   =  12,
  year    =  2019,
  url     = "https://doi.org/10.1007/s11111-019-00326-5", 
  category = "refereed"
}

@ARTICLE{Grace2020-fi,
  title    = "Building an interdisciplinary framework to advance conceptual and
              technical aspects of population-environment research focused on
              women's and children's health",
  author   = "Grace, Kathryn and Billingsley, Sunnee and Van Riper, David",
  journal  = "Social science \& medicine",
  volume   =  250,
  pages    = "112857",
  month    = 4,
  year     =  2020,
  url      = "http://www.sciencedirect.com/science/article/pii/S0277953620300769",
  keywords = "GIS; Population-environment; Climate; Spatial; Health geography",
  category = "refereed"
}
