@incollection{Brown2015-mt,
 author = {Brown, Molly E and De Beurs, Kirsten M and Grace, Kathryn},
 booktitle = {Land Resources Monitoring, Modeling, and Mapping with Remote
Sensing},
 pages = {353--363},
 publisher = {CRC Press},
 title = {Global land surface phenology and implications for food security},
 url = {https://experts.umn.edu/en/publications/global-land-surface-phenology-and-implications-for-food-security},
 year = {2015}
}

