@inproceedings{Sweeney2012-rn,
 author = {Sweeney, Stuart and Grace, Kathryn},
 booktitle = {JSM Proceedings},
 institution = {Health Policy Statistics Section, American Statistical
Association},
 location = {Alexandria, VA},
 title = {Regression Analysis of Anthropometry Data: A Simulation
Study of a Two-Stage Estimator},
 url = {https://www.academia.edu/download/44024836/Regression_analysis_of_anthropometry_dat20160323-24679-e8dnci.pdf},
 year = {2012}
}

