@article{DiClemente2021-md,
 author = {DiClemente, Kira and Grace, Kathryn and Kershaw, Trace and Bosco,
Elliott and Humphries, Debbie},
 journal = {Maternal and child health journal},
 keywords = {Child stunting; Fertility preferences; Food insecurity; Household
hunger; Sub-saharan africa},
 language = {en},
 month = {February},
 number = {2},
 pages = {302--310},
 title = {Investigating the Relationship between Food Insecurity and
Fertility Preferences in Tanzania},
 url = {http://dx.doi.org/10.1007/s10995-020-03022-1},
 volume = {25},
 year = {2021}
}

