@article{Grace2020-lc,
 author = {Grace, Kathryn and Siddiqui, Sauleh and Zaitchik, Benjamin F},
 journal = {Nature Food},
 language = {en},
 month = {December},
 number = {1},
 pages = {1--3},
 publisher = {Nature Publishing Group},
 title = {A framework for interdisciplinary research in food systems},
 url = {https://www.nature.com/articles/s43016-020-00212-6},
 volume = {2},
 year = {2020}
}

