@article{Grace2016-ks,
 author = {Grace, Kathryn and Sweeney, Stuart},
 journal = {Demography},
 keywords = {Ethnicity; Fertility transition; Guatemala; Parity},
 language = {en},
 month = {February},
 number = {1},
 pages = {117--137},
 title = {Ethnic Dimensions of Guatemala's Stalled Transition: A
Parity-Specific Analysis of Ladino and Indigenous Fertility
Regimes},
 url = {http://dx.doi.org/10.1007/s13524-015-0452-8},
 volume = {53},
 year = {2016}
}

