@techreport{Brown2015-bn,
 author = {Brown, M E and Antle, J M and Backlund, P and Carr, E R and
Easterling, W E and Walsh, M K and Ammann, C and Attavanich, W and
Barrett, C B and Bellemare, M F and Dancheck, V and Funk, C and
Grace, K and Ingram, J S I and Jiang, H and Maletta, H and Mata, T
and Murray, A and Ngugi, M and Ojima, D and O'Neill, B and Tebaldi,
C},
 title = {Climate Change, Global Food Security, and the U.S. Food System},
 url = {https://www.usda.gov/sites/default/files/documents/FullAssessment.pdf},
 year = {2015}
}

