@article{Bell2021-te,
 author = {Bell, Andrew Reid and Roberts, Mari and Grace, Kathryn and
Morgan, Alexander and Tamal, Md Ehsanul Haque and Killilea, Mary
E and Ward, Patrick S},
 journal = {Environmental Research Letters},
 language = {en},
 month = {March},
 number = {4},
 pages = {041002},
 publisher = {IOP Publishing},
 title = {How high frequency food diaries can transform understanding of
food security},
 url = {https://iopscience.iop.org/article/10.1088/1748-9326/abe674/meta},
 volume = {16},
 year = {2021}
}

