@article{Mikal2020-mf,
 author = {Mikal, J and Grace, K and DeWaard, J and Brown, M and Sangli, G},
 journal = {PloS one},
 publisher = {journals.plos.org},
 title = {Domestic migration and mobile phones: A qualitative case study
focused on recent migrants to Ouagadougou, Burkina Faso},
 url = {https://journals.plos.org/plosone/article?id=10.1371/journal.pone.0236248},
 year = {2020}
}

