@article{Grace2023-aa,
 author = {Grace, Kathryn and Kristiansen, D. and Heger Boyle, E. and Luetke, M.},
 journal = {The Professional Geographer},
 number = {in press},
 title = {Investigating seasonal agriculture, contraceptive use, and pregnancy in Burkina Faso.},
 year = {2023}
}