@article{Grace2020-fi,
 author = {Grace, Kathryn and Billingsley, Sunnee and Van Riper, David},
 journal = {Social science & medicine},
 keywords = {GIS; Population-environment; Climate; Spatial; Health geography},
 month = {April},
 pages = {112857},
 title = {Building an interdisciplinary framework to advance conceptual and
technical aspects of population-environment research focused on
women's and children's health},
 url = {http://www.sciencedirect.com/science/article/pii/S0277953620300769},
 volume = {250},
 year = {2020}
}

